2444 4530
428 378 680 424 wrssrnoronrr
701 380 788 426 vm.
1008 360 1050 426 67

170 524 336 589 animosos
357 522 510 586 militibus
533 522 657 586 addere.
697 523 791 602 iiiuc,
813 533 933 602 autem,
955 535 1050 589 sexto

168 647 240 722 post
265 655 408 720 pugnem
423 634 483 713 die,
498 635 539 699 ad
563 635 774 718 congressum
798 637 917 722 scripsit
931 637 1049 701 Wash·

168 748 342 830 mgtonius.
748 727 750 731 ¹

214 867 236 898 “
250 856 396 924 conditio
417 870 521 924 nostra
542 859 718 923 miserrima
739 870 795 922 est
828 859 1004 925 Damnum¹
1026 881 1047 926 a

167 973 330 1057 manipulo
358 983 462 1037 nostro
488 983 658 1057 acceptum
685 972 790 1056 copias
814 993 923 1037 omnes
952 973 1047 1038 nimis

168 1084 372 1163 exanimavit,
388 1084 571 1168 animosque
597 1085 707 1148 timore
722 1095 755 1147 et
769 1084 982 1171 desperatione
997 1108 1046 1150 re·

167 1195 272 1280 plevit.
319 1196 444 1275 Militia,
467 1218 542 1260 cum
565 1197 698 1260 summis
720 1197 837 1261 viribus
860 1197 901 1261 ad
929 1200 1047 1263 fortiter

168 1308 376 1403 resistendum
401 1310 459 1372 niti
486 1321 647 1394 oporteret,
674 1308 804 1394 trepida,
831 1311 1047 1389 intractabilis,

167 1420 360 1505 domumque
374 1421 537 1485 remeandi
551 1420 733 1485 avidissima
755 1433 810 1485 est.
856 1423 951 1487 Multi
970 1443 1049 1486 non·

167 1553 335 1614 nunquam
357 1533 536 1611 turmatim,
548 1534 660 1617 sapius
682 1543 790 1596 autem
813 1533 1050 1616 manipulatim,

168 1643 302 1707 domum
324 1643 391 1727 jam
413 1645 528 1708 abiere.
574 1645 653 1708 Haec
672 1666 720 1709 res
740 1645 817 1722 sola,
833 1646 894 1708 etsi
916 1646 958 1707 ab
983 1622 1065 1707 aliis

167 1755 348 1818 infortuniis
372 1756 567 1840 sejungatur,
589 1758 664 1820 satis
687 1758 863 1842 injucunda
887 1760 965 1821 foret
976 1779 986 1835 ;
1017 1767 1050 1819 at

168 1889 244 1931 curn
259 1869 427 1947 considero,
443 1870 562 1933 militia
585 1869 765 1956 exemplum
789 1882 911 1956 partem
927 1871 1047 1934 exerci-

167 1985 219 2045 ttis
232 1981 363 2045 alteram
377 1983 529 2060 infecisse,
545 1994 577 2046 et
592 1982 759 2068 discipline
780 1983 963 2067 imperiique
978 2003 1045 2046 om·

166 2093 214 2155 nis
225 2093 481 2159 detractationem
490 2106 590 2158 toturn
606 2096 780 2159 exercitum
794 2096 959 2173 invasisse,
974 2116 1046 2180 spes

166 2217 271 2268 nostra
294 2207 395 2271 multo
411 2207 563 2290 asperior:
588 2210 789 2290 omnemque¹
803 2210 868 2272 fere
893 2207 1046 2271 fiduciam

167 2317 200 2381 in
215 2319 309 2403 copiis
324 2319 474 2396 amisisse,
490 2339 615 2382 summo
629 2340 682 2380 me
696 2318 801 2382 dolore
816 2318 958 2380 confiteri
980 2319 1049 2380 affi-

167 2430 217 2494 cit.
265 2431 344 2494 Haec
366 2431 482 2506 omnia,
498 2429 813 2508 sententiam,quam
835 2447 956 2510 semper
978 2448 1051 2491 sum

166 2552 309 2616 secutus,
319 2540 414 2624 plane
428 2540 592 2601 roborant:
616 2537 750 2613 nullam,
767 2556 889 2621 nempe,
901 2537 1050 2603 fiduciam

166 2654 202 2717 in
221 2651 337 2715 militia
349 2651 459 2714 aliisve
473 2650 569 2733 copiis
591 2669 655 2712 non
670 2648 704 2711 in
719 2659 841 2732 tempus
856 2649 1047 2730 diuturnius,

167 2785 265 2850 quam
293 2765 381 2848 leges
408 2775 521 2827 nostrre
550 2764 664 2838 ferunt,
690 2760 876 2845 conscriptis,
902 2763 1046 2828 collocari

167 2900 265 2964 posse.
313 2878 516 2961 Compertum
532 2874 644 2951 habeo,
654 2872 827 2937 libertatem
841 2886 977 2939 nostram
993 2898 1047 2960 pa·

168 2991 339 3054 riclitatum
353 2989 401 3067 iri,
417 3009 457 3050 ne
480 2985 593 3064 dicam,
609 2986 763 3071 perditum
777 2987 822 3066 iri,
836 2988 895 3052 nisi
910 2989 977 3073 ejus
992 2989 1047 3052 de-

200 3235 209 3268 r
227 3228 352 3285 nme»,
362 3223 402 3272 the
411 3223 460 3272 loss
471 3239 514 3273 our
523 3222 673 3274 detachmant
687 3223 808 3275 matrined
823 3224 848 3274 in
863 3225 905 3274 tho
920 3224 999 3275 action
1015 3241 1047 3274 on

163 3305 243 3368 ,Long
252 3303 342 3364 island,
351 3302 435 3368 fought
443 3303 499 3353 ann
509 3303 612 3370 August,
623 3307 690 3366 1776,
700 3304 749 3354 and
758 3303 784 3355 in
793 3304 873 3354 which
882 3305 1048 3368 Woshington

168 3382 210 3432 ud
218 3389 262 3429 not
270 3379 327 3429 take
335 3395 366 3428 an
375 3383 499 3431 semme
508 3389 566 3446 part

200 3467 212 3502 2
231 3459 375 3519 Omoemus,
387 3460 427 3518 pe.
457 3457 566 3524 Anglice,
577 3457 646 3507 “and
661 3457 681 3506 it
695 3457 777 3507 affecta
792 3472 831 3506 me
840 3456 899 3506 with
907 3457 948 3505 the
957 3463 1049 3508 utmost

169 3535 226 3600 pain
237 3544 262 3583 to
272 3532 371 3594 consess,
380 3534 430 3583 thet
438 3535 449 3583 Ι
459 3535 518 3585 heva
527 3536 575 3585 lost
581 3535 668 3583 almost
674 3534 706 3583 all
715 3533 854 3583 confidente
863 3533 888 3581 in
897 3533 938 3582 the
945 3536 1048 3596 troops.”

169 3612 242 3662 Μ
259 3613 353 3671 mut«,
369 3610 539 3674 inlstmill
554 3608 951 3672 termentonanagustword
965 3610 1050 3658 mititte

169 3689 315 3755 nnughout
323 3687 363 3738 tha
372 3686 445 3738 work.
