2444 4530
427 337 679 383 rrrsrrrnororrrr
702 337 790 383 rrrr.
988 317 1051 382 208

168 484 220 546 uti
240 483 333 546 navis
353 480 451 565 longa
474 481 677 559 Americana,
699 501 782 544 eum·
801 479 843 544 ad
867 501 937 544 oras
962 478 1052 545 terra

173 595 322 659 columbi
334 594 471 658 vehendi
485 599 598 672 causa,
610 589 831 659 dimitteretur.
871 594 1052 660 Americani

169 728 281 771 omnes
296 708 382 771 hunc
398 718 463 771 tam
479 708 602 771 clarum
617 719 882 793 propugnatorem
897 719 930 770 ‘ct
944 706 1052 773 desen·

170 841 272 883 sorem
286 821 438 884 libertatis
452 820 556 884 videre
571 821 850 886 vehementissime
863 815 1007 906 cupiuntss

173 971 181 978 .
215 932 312 1008 Quod
324 933 362 995 si*
380 953 534 1016 unquam·
549 932 591 997 ad
613 928 683 997 oras
704 933 910 998 Americanas
929 933 983 997 ille
1005 934 1053 999 vir

168 1044 307 1126 inclytus
323 1046 709 1130 'appulerit-Americani,
724 1046 879 1109 libertate¹
898 1049 1050 1126 fruentes,

168 1162 262 1242 opera
284 1158 353 1243 ejus
365 1159 518 1224 'maxime
541 1157 642 1243 parta,
655 1153 893 1242 W'ashingtonii
908 1161 1051 1225 amicum

169 1280 202 1333 et
210 1271 406 1335 -familiarem
420 1271 586 1348 eximium,
601 1272 718 1335 honore
732 1290 867 1351 summo,
882 1274 1050 1358 proculdu-

167 1382 229 1460 bio,
242 1394 479 1467 prosequentur.
493 1381 657 1466 *Nosque
673 1385 706 1446 in
716 1385 778 1448 htc
793 1371 955 1470 republica
971 1387 1051 1452 Ohi·

167 1497 267 1573 oensi,
287 1499 309 1562 a
330 1497 569 1580 tempestatibus
592 1482 630 1559 e‘t'
646 1497 916 1584 bellis'Europaeis
943 1501 1052 1584 procul

169 1609 293 1685 amoti,l
315 1609 460 1691 aliquid,
476 1603 580 1673 virum
608 1611 707 1673 talem
736 1611 910 1677 honorandi
941 1616 1051 1692 cause,

168 1721 337 1804 scripsisse,
359 1715 453 1787 valde
479 1723 642 1806 gestimus.
690 1718 800 1800 Quod·
824 1726 850 1788 si
876 1725 968 1789 illum
993 1747 1053 1792 un·

167 1854 267 1917 quam
282 1836 418 1920 aspicere
429 1832 705 1920 nobiscontigerit,
717 1859 813 1922 quam
827 1828 954 1922 gratum
964 1861 1051 1925 spec·

167 1949 313 2013 taculum
336 1951 435 2013 oculis
458 1951 572 2014 nostris
594 1952 760 2015 offeretur!
807 1952 901 2016 Tunc
917 1956 1051 2020 fortasse

156 2082 241 2124 eum
262 2083 403 2126 sermone
428 2063 552 2127 Gallico
575 2063 693 2146 alloqui
709 2075 741 2127 et
756 2053 945 2149 compellare
960 2067 1051 2131 nobis

166 2175 278 2240 licebit.
324 2177 501 2254 Libertatis,
527 2177 624 2253 enim,
649 2187 804 2241 amatores
834 2199 946 2242 omncs
972 2199 1050 2243 eum

166 2284 280 2353 honore
297 2310 423 2352 summo
439 2289 582 2372 prosequi
597 2288 722 2353 debent.

211 2405 286 2480 Alii,
302 2404 438 2486 insuper,
454 2405 585 2464 fuerunt
600 2402 697 2477 Galli,
710 2401 763 2481 qui
776 2402 892 2463 martia
902 2403 942 2463 ob
952 2403 1051 2466 Arne-

147 2517 267 2579 ·ricam
295 2512 467 2598 pugnando
490 2512 624 2574 vulnera
647 2511 750 2595 passi:
785 2516 849 2575 cos⁴
878 2513 1052 2597 gratiarum

167 2628 291 2692 actione
307 2627 459 2709 dignatus
474 2636 522 2688 est
539 2624 743 2707 Congressus.
770 2624 959 2705 Ludovicus,
975 2649 1052 2711 quo-

168 2763 241 2826 que,
259 2740 369 2805 Gellioe
392 2761 457 2817 rex,
481 2738 600 2823 optime
623 2738 662 2801 de
687 2737 829 2801 libertate
845 2739 1050 2821 Americand,

167 2858 251 2919 certe
266 2855 395 2917 meritus
411 2864 468 2928 cst,
485 2852 550 2934 qui,
568 2851 727 2914 Britannis
743 2855 826 2915 terrd
841 2853 984 2936 marique
996 2877 1050 2938 po-

197 3045 206 3078 1
222 3038 344 3096 Libertate,
353 3038 403 3095 ba,
411 3033 545 3098 “enjoying
551 3032 643 3096 liberty,
649 3031 767 3095 obtained,
774 3033 949 3099 chiefly,byhis
957 3052 1049 3100 means,

154 3114 223 3174 .will‚
234 3113 365 3172 doubtless,
376 3110 459 3174 highly
470 3111 545 3159 honor
560 3110 601 3159 the
616 3108 696 3159 choica
712 3109 787 3160 friend
805 3111 854 3160 and
868 3112 971 3163 familiar
985 3130 1049 3164 com·

167 3191 256 3255 panion
266 3189 294 3239 of
299 3187 488 3252 Washington.”

198 3269 308 3327 admoti,
326 3270 376 3327 eso,
393 3264 449 3314 “fer
467 3264 576 3315 removed
595 3265 656 3315 imm
670 3266 711 3316 the
727 3266 802 3331 (civil)
819 3267 982 3331 commotioris,
1000 3267 1050 3318 and

167 3359 231 3394 wars
240 3343 268 3393 of
273 3343 375 3407 Eumpe,
385 3342 477 3408 greatly
486 3344 569 3409 rejoice
579 3351 604 3393 to
613 3345 670 3393 bare
680 3344 772 3394 written
783 3345 939 3410 something‚”
949 3348 992 3394 &c

198 3429 209 3463 t
227 3421 302 3481 Qubd,
315 3424 363 3482 pc,
375 3421 437 3470 “but
446 3420 468 3470 if
477 3420 495 3470 it
509 3422 594 3470 should
609 3437 664 3470 ever
673 3422 769 3486 hoppen
780 3429 804 3470 to
814 3437 852 3470 me
862 3428 887 3470 to
896 3420 981 3470 behold
991 3420 1049 3483 him,

166 3499 206 3550 La
215 3498 323 3561 Fayette,
334 3498 388 3547 how
398 3498 498 3565 grateful
510 3516 524 3547 a
532 3500 651 3563 spectacls
661 3499 709 3548 will
720 3501 749 3547 be
759 3498 846 3546 offered
855 3505 881 3547 to
887 3515 928 3562 my
938 3499 1018 3560 eyes”

198 3584 209 3619 ⁴
224 3575 283 3635 Eos,
290 3577 305 3603 ‘⁴
311 3574 431 3641 congress
441 3575 584 3628 voucbsaicd
595 3577 660 3627 mem
672 3577 724 3638 (the
733 3574 800 3624 other
809 3575 904 3625 French
918 3573 1021 3635 officere)
1033 3583 1050 3620 c

167 3658 222 3702 rota
231 3651 259 3702 os
263 3651 376 3704 thankw
