2444 4530
217 359 258 422 tt
472 375 722 422 wesrrrnorortrr
743 377 831 422 vrri.

149 496 152 509 Δ
215 519 380 604 diligentia
395 520 477 605 operi
488 520 642 598 incubuit,
655 530 702 598 ut,
713 521 896 605 priusquam
910 519 1094 599 lucesceret,

214 634 451 697 munimentum
458 632 642 715 vallumque
650 633 757 696 castris
767 634 849 716 pene
856 631 1093 718 circumjeoerit.

217 744 312 821 Quod
326 755 362 808 ut
377 745 483 810 videre
498 746 593 830 copia
607 746 711 828 regia,
724 744 854 809 assidui
868 755 1094 812 tormentorum

214 858 383 942 majorum,
409 859 710 941 omnigenorumque
737 877 894 920 armorum
920 858 1095 940 ignivomo-

214 991 295 1048 rum,
312 971 555 1055 oppugnatione,
572 990 667 1054 opera
681 968 744 1033 solo
764 989 898 1051 aequare,
913 990 1094 1053 propugna-

214 1093 358 1165 torosque
364 1082 448 1145 vallo
459 1085 604 1164 fossaque
616 1079 768 1164 depellere
779 1080 874 1145 enixe
885 1081 1091 1145 conabantur.

216 1195 338 1272 Coloni,
356 1206 471 1271 tamen,
488 1194 633 1277 ab'opere
648 1213 713 1256 non
727 1193 901 1270 cessabant,
916 1193 1093 1257 meridiem·

214 1327 277 1389 que
300 1307 419 1370 circiter
438 1305 637 1368 munimenta
658 1303 763 1367 omnia
784 1305 996 1386 perfecerant:
1020 1324 1092 1388 quae

214 1419 475 1483 Americanorum
490 1415 626 1478 audacia
643 1414 741 1479 duces
751 1413 875 1496 Anglos
890 1413 968 1477 adeo
983 1416 1093 1478 effera-

213 1532 268 1609 vit,
280 1543 317 1594 ut
327 1531 368 1594 ad
381 1529 469 1594 collis
479 1527 633 1593 Bunkerii
647 1525 768 1612 radices
778 1525 920 1611 peditum
934 1526 1092 1610 legionem

213 1645 428 1729 exponerent.¹

258 1757 363 1840 Copia
389 1755 483 1836 regiae
510 1754 639 1816 summa
662 1751 777 1816 virtute
803 1751 916 1816 collem
943 1753 1093 1818 ascende·

213 1876 307 1942 runt;
332 1886 408 1928 curn
424 1874 532 1926 autem
547 1863 806 1927 Americanorum
821 1864 904 1928 vallo
919 1865 1092 1949 castrisque

213 1975 507 2061 appropinquarent,
537 1986 645 2038 tantus
676 1975 843 2058 glandium
871 1977 1092 2062 plumbearum

211 2088 313 2152 imber
333 2088 367 2150 in
388 2087 559 2152 cossubito
581 2090 772 2167 asteismus,
788 2100 825 2153 ut
847 2092 990 2156 torrentis
1004 2092 1093 2171 ritu,¹
1186 2141 1188 2148 ,

211 2222 265 2286 per
297 2199 512 2278 semi-horam,
543 2199 676 2266 caderet.
734 2201 844 2266 Caedes
870 2213 939 2267 tam
967 2203 1092 2267 infinita

210 2316 306 2393 facta,
322 2325 359 2377 ut
370 2314 488 2378 milites
502 2314 651 2393 veterani,
666 2335 701 2377 se
716 2323 854 2396 stragem
876 2313 1090 2378 terribiliorem

210 2428 499 2512 nunquamvidisse
511 2429 741 2492 confiterentur.
788 2426 865 2490 Dux
878 2426 1090 2510 Howe,cujus

210 2539 309 2603 virtus
332 2540 394 2603 hac
416 2545 528 2624 pugnd
550 2540 722 2605 clarissime
745 2549 914 2624 perspecta,
931 2539 1090 2623 paulisper

209 2653 275 2715 fere
287 2651 371 2714 solus
378 2652 559 2734 permansit,
566 2655 782 2736 prefectorum
789 2650 992 2733 militumque
1002 2663 1090 2735 parte

210 2762 356 2824 maxima
378 2772 436 2823 aut
457 2763 571 2841 occisb,
587 2776 645 2828 aut
658 2764 835 2828 vulnerata„
881 2762 925 2826 At
947 2762 1088 2843 tandem,

210 2873 304 2957 copiis
328 2873 505 2937 recentibus
529 2874 782 2954 adventantibus,
807 2874 986 2940 Americani
1014 2875 1089 2940 dare

209 2995 300 3069 terga
312 2985 422 3049 coacti.
469 2984 677 3069 Oppidulum,
689 2988 777 3070 quod
786 2986 824 3051 de
838 2987 981 3051 domibus
991 2988 1088 3072 copia

209 3098 357 3163 colonica
367 3098 618 3183 propugnabant,
625 3099 774 3182 quodque
785 3100 839 3176 eis,
850 3099 929 3163 inter
941 3120 1089 3183 pugnan-

209 3209 297 3289 dum,
314 3210 455 3295 perfugio
470 3219 546 3286 erat,
562 3209 728 3271 incensum
740 3209 812 3272 fuit.

239 3428 418 3491 tltaepooereat
449 3429 464 3456 ‘⁴
471 3426 542 3490 They
557 3423 668 3487 lended,”
686 3423 724 3486 (de
745 3423 841 3472 omibus
857 3422 963 3488 scilicet)
980 3422 1088 3490 hardly,

208 3505 287 3570 “tbey
296 3511 340 3569 put
348 3511 391 3554 out
400 3504 440 3567 (os
444 3505 607 3567 ticirfrlriprfl)

238 3583 449 3633 ermenoarae
481 3574 1088 3643 “Adertbelcsbion,ormcnner,ofclmd·flood,

208 3662 355 3713 ortonent.”
