2444 4530
226 306 269 372 88
484 320 735 369 weeuruororur
758 321 845 368 vrri.

487 843 621 909 caput*
646 843 844 907 TERTIUM.

229 1037 339 1097 emoti
357 1043 454 1114 publici
473 1059 586 1107 concors,
599 1041 732 1111 jodecqoe
755 1039 870 1105 metatis,
889 1040 1045 1095 constitutae
1067 1050 1108 1096 ert

259 1126 587 1198 chltiagtom'ur.-Belli
595 1124 745 1179 Americooi
756 1124 983 1194 cauam-Pugno
991 1125 1107 1197 Laniog-

261 1210 514 1265 mummia—Collis
525 1209 653 1264 Becker-ii
659 1208 778 1280 pretium
789 1208 958 1262 memorabile.

271 1375 430 1454 luorum,
453 1372 812 1459 magistratus,·consilii
833 1372 950 1459 publici
971 1392 1108 1454 consors,

229 1487 393 1572 judexque
406 1487 724 1552 curialic¹factueest
762 1486 808 1551 At
819 1496 946 1570 tempus
958 1487 1106 1566 instabat,

226 1620 300 1682 quo,
315 1599 598 1683 Waehingtonium
612 1598 681 1662 haec
695 1572 808 1662 muiiia
823 1597 994 1661 honorifica
1015 1598 1108 1662 relin-

226 1732 333 1794 quere,
350 1712 531 1794 civiumque
553 1730 684 1773 suorum
703 1710 777 1794 jura
799 1721 910 1774 contra
931 1731 1108 1795 paucorum

226 1822 404 1904 potentium
427 1820 514 1904 apud
535 1821 660 1904 Angloe
683 1821 881 1904 tyrannidem
896 1822 1108 1887 vindicatum⁸

225 1931 450 2014 ireoportebat.
497 1930 625 1994 Bellum
640 1931 869 1996 Americanum
891 1935 932 1997 ab
955 1934 1108 1999 erroribus

225 2063 404 2129 paucorum
424 2042 580 2127 politicm⁸
594 2044 721 2128 Angliae
737 2046 962 2124 exercentium,
978 2047 1108 2111 renixu·

226 2175 289 2237 que
304 2153 486 2217 colonorum
508 2155 733 2220 nonnullorum
748 2157 783 2220 in
797 2159 994 2222 taxationem
1008 2161 1109 2224 Sena-

226 2271 278 2332 ms
308 2267 481 2331 Britannici
509 2267 663 2351 iniquam,
693 2269 846 2352 originem
876 2269 979 2334 duxit.
1030 2270 1109 2335 Alia

226 2400 352 2465 quoque
367 2402 467 2445 causa
481 2380 555 2444 belli
577 2381 680 2446 civilia
702 2381 899 2445 Britanniam
913 2382 993 2446 inter
1008 2392 1041 2444 et
1055 2403 1108 2446 co-

225 2491 327 2558 lonias
350 2493 496 2558 movendi
511 2493 554 2557 ad
568 2494 757 2580 superiorem
773 2495 915 2573 accessit,
931 2515 1001 2577 quae
1022 2495 1108 2580 princ

226 2604 416 2690 explicanda
440 2605 573 2685 videtur,
600 2608 700 2690 quom
726 2606 768 2670 ad
792 2605 904 2672 Martis
928 2606 1108 2671 discrimina

226 2726 352 2778 nosmet
367 2714 582 2798 accingemus.

272 2825 384 2889 Coloni
406 2827 507 2910 primi,
522 2828 577 2911 qui
600 2850 641 2894 ex
656 2831 787 2915 Anglio,
802 2830 844 2895 ad
864 2829 1024 2916 inhospita
1046 2835 1108 2898 Co·

226 2934 327 2999 lumbi
348 2936 439 3001 litora
461 2936 726 3021 demigraverant,
748 2943 944 3028 potissimum
970 2945 1105 3030 patriam

226 3049 401 3132 fugiebant,
416 3070 458 3113 ne
481 3051 519 3114 ob
541 3050 725 3134 religionem
745 3067 945 3120 vexarentur.
991 3056 1108 3121 Numi·

258 3245 267 3279 1
286 3237 392 3288 cotue.
423 3236 556 3304 Thejudge
566 3238 614 3288 oso
622 3246 703 3303 court,
719 3239 779 3291 fiam
788 3246 859 3307 morta
870 3250 968 3307 occurt,
978 3259 1004 3293 or
1013 3251 1107 3295 mnem-

226 3313 438 3454 boimt'tndteatum,
449 3394 494 3442 “to
503 3408 595 3459 evange
602 3397 625 3457 ;”
641 3393 681 3444 the
690 3393 776 3444 former
785 3394 868 3460 supine
877 3397 961 3462 placed
971 3397 1030 3448 aster
1038 3400 1080 3450 tre.

257 3475 268 3512 t
283 3470 398 3531 Poltttcm,
408 3468 502 3531 “urla”
512 3485 539 3520 or
548 3470 622 3521 “civil
635 3476 818 3537 governmcnt;”
833 3471 893 3522 from
909 3490 925 3524 o
939 3475 1022 3526 Greek
1032 3491 1105 3539 noun,

224 3545 343 3688 munz
352 3562 368 3598 e
377 3545 432 3612 city,
443 3553 510 3612 stete,
520 3562 547 3599 oc
555 3548 709 3615 community.
739 3549 774 3656 N,
782 3548 811 3601 B.
826 3551 911 3601 Paeo
919 3552 963 3604 hm
973 3553 1013 3606 the
1023 3553 1110 3621 penult·
