2444 4530
401 373 651 420 WASHINGTONU
675 373 763 418 vm.

400 900 533 962 CAPUT
554 895 769 968 QUARTUM.

150 1097 320 1169 cunctarum,
326 1095 515 1166 sceleratarum
534 1095 693 1148 exercituum
715 1091 930 1162 Waclcingtouiur
947 1089 1028 1160 impe·

181 1183 343 1245 roton—Ad
360 1181 521 1252 Cougreccus
537 1179 673 1250 precidem
691 1174 1028 1248 responsum-Cantabri·

179 1266 253 1336 giam
261 1264 651 1336 proicientes-Expositiud
665 1263 814 1332 Congreccu
822 1261 898 1331 prius
911 1266 1027 1321 exarata,

182 1366 268 1402 coram
279 1349 402 1402 mercibus
419 1349 528 1402 recitata
542 1347 753 1400 eet-Ordinem
770 1345 882 1397 omnium
899 1359 971 1395 amor
980 1359 1028 1411 pc·

183 1433 410 1486 trum-Bostouioe
438 1430 729 1485 obsidio-Bononiam
756 1426 936 1497 vacuefaciunt
966 1424 1029 1478 Bri·

183 1524 264 1582 touec,
276 1518 346 1586 apud
356 1515 603 1570 Neo-Eborcceorec
615 1515 707 1568 bellum
716 1521 827 1584 gesture.

192 1674 494 1759 memoremus,
508 1682 612 1744 vicem
627 1680 762 1744 civitatis
772 1677 983 1762 virginiensis,
995 1677 1030 1741 in

149 1792 341 1858 coloniarum
369 1794 593 1858 foederatarum
621 1793 809 1876 Congressu,
839 1813 961 1875 gerens,
988 1790 1031 1855 ad

149 1904 329 1970 Americani
352 1905 508 1968 exercitus
526 1924 688 1967 summum
712 1904 887 1989 imperium,
902 1903 1031 1967 nemine

151 2015 393 2091 contradicente,
409 2013 528 2078 electus
550 2026 618 2093 cst;
643 2014 836 2099 stipendium
857 2035 979 2098 quoque
1003 2015 1032 2078 ei

151 2127 173 2192 u
189 2127 368 2209 Congressu
380 2146 477 2210 quum
492 2125 721 2210 amplissimum
733 2126 914 2205 decretum3
938 2127 1032 2211 quod,

151 2248 270 2316 tamen,
282 2241 409 2303 strenue
420 2237 616 2302 detrectavit.
652 2239 806 2324 Responsi
817 2240 884 2325 ejus
894 2238 936 2302 ad
948 2240 1033 2303 Con·

152 2357 276 2437 gressus
298 2352 460 2439 praesidem
482 2351 550 2416 haeo
569 2353 629 2416 fuit
649 2354 815 2418 sententio
863 2352 1032 2417 “Domine

151 2487 274 2552 praeses,
288 2466 358 2530 Etsi
370 2469 443 2531 vere
459 2467 568 2545 sentio,
581 2487 678 2550 quam
693 2466 787 2532 valde
802 2466 867 2531 hic
886 2464 1033 2548 designa-

153 2579 237 2644 tione
267 2599 319 2643 me
348 2578 464 2643 honore
491 2581 674 2660 extuleritis,
701 2591 819 2658 tamen,
842 2602 1034 2666 magnopere

153 2711 269 2768 vereor,
282 2710 322 2752 ne
338 2690 435 2754 animi
445 2692 535 2771 vires,
548 2715 685 2777 ususque
700 2693 744 2756 rei
758 2692 922 2770 militaris,¹
936 2693 1034 2780 irnpe-

153 2803 234 2866 rium
246 2813 312 2864 tam
321 2821 486 2884 magnum,
500 2815 627 2889 tamque
639 2807 704 2870 lnte
718 2805 853 2869 divisum
868 2825 1035 2888 cxaequare

154 2912 242 2978 haud
251 2914 383 2998 possint:
398 2915 555 2996 quoniam,
565 2919 738 2995 tamenim
747 2918 816 2982 vult
829 2919 1033 3002 Congressur‚

154 3027 196 3090 od
216 3026 333 3110 grande
348 3047 465 3090 munus
479 3048 531 3089 me
547 3029 650 3113 ipsum
670 3032 848 3116 accingam.
894 3032 1034 3096 Summis¹

154 3146 243 3224 porro
258 3139 385 3218 viribus2
401 3160 442 3202 ne
457 3139 573 3203 civium
584 3140 656 3223 jure
678 3163 835 3226 causaque
850 3143 961 3207 decoro
975 3144 1035 3206 im-

154 3251 347 3328 minuentur,
365 3252 474 3314 enitar.
518 3252 644 3315 Gratius
664 3273 761 3335 quom
780 3257 937 3318 maximas
957 3255 1034 3318 civi·

154 3365 213 3428 bus
228 3385 269 3427 cx
284 3365 389 3427 onimo
403 3363 514 3442 habeo,
530 3365 569 3428 ob
589 3365 705 3448 pignus
719 3363 780 3428 hoc
794 3367 918 3450 insigne
933 3369 967 3431 in
982 3389 1035 3432 me

156 3477 278 3542 umoris.
325 3475 389 3540 Sed
404 3497 444 3539 ne
460 3477 529 3559 quis
546 3497 639 3540 casus
661 3477 828 3556 infaustus,
844 3480 898 3560 qui
913 3483 1034 3544 famam

249 3677 259 3714 Ι
278 3669 388 3736 Ueroque,
400 3673 442 3735 cc.
473 3673 488 3702 ‘¹
495 3670 553 3722 And
563 3671 700 3738 experience
709 3671 735 3724 in
744 3673 784 3724 tho
793 3679 830 3724 ort
838 3672 867 3723 os
877 3679 949 3726 καθ’
