2444 4530
165 371 210 437 7ss
421 386 673 434 ωιιιποωιιιι
696 386 786 433 vrrs.

167 536 277 619 pugna
291 533 353 598 hac
366 532 606 615 insigniverant,
622 528 884 614 Washingtonius
904 550 962 616 pro
978 551 1052 596 con·

167 647 257 709 cione
281 645 432 708 laudavit.
477 644 634 707 Virtutem
656 663 766 706 eorum
783 642 946 728 copiarum
963 646 1051 727 fugae

167 778 293 842 nuperae
316 757 499 841 composuit,
516 767 548 819 et
569 755 684 829 dixisse
704 757 811 832 fertur,
830 754 961 838 “hujus
985 777 1050 820 cer·

167 870 293 932 taminis
315 870 448 946 exitum,
471 879 629 952 quantum
654 867 720 932 fieri
744 868 850 951 possit,
872 866 1049 933 dummodo

167 983 305 1065 praelecti
324 981 501 1064 militesque
516 1001 570 1065 pro
581 979 674 1043 virili¹
689 979 842 1056 nitantur,
859 990 1049 1061 argumento

168 1114 235 1158 esse
248 1097 277 1159 :”
300 1106 332 1158 et
346 1094 452 1158 denuo
464 1113 574 1157 omnes
588 1093 779 1168 obsecratus,
793 1110 834 1154 nc
849 1110 984 1154 causam
997 1090 1050 1154 dc·

169 1206 286 1286 coram,
302 1209 368 1291 qud
382 1207 595 1282 versabantur,
612 1203 828 1268 dehonestent.

213 1319 326 1396 Howe,
340 1319 505 1403 imperator
517 1317 699 1393 Britannus,
713 1314 950 1397 Washingtonii
963 1332 1050 1379 com·

169 1442 293 1495 meatus
308 1433 330 1496 a
345 1431 522 1494 civitatibus
537 1429 602 1492 eois
616 1427 822 1492 intercludere
839 1447 897 1511 ope
920 1430 1050 1492 summa

169 1534 336 1609 nitebatur.
383 1543 527 1628 Hujusce
549 1541 593 1605 rei
615 1543 725 1618 causa,
747 1540 906 1603 exercitus
929 1541 1048 1625 regius,

169 1675 233 1719 non
247 1656 354 1742 procul
369 1658 391 1721 a
406 1655 572 1719 comitatu²
587 1652 766 1729 cestriensi,
777 1652 1004 1736 exponebatur,
1017 1663 1050 1716 et

169 1768 266 1850 paulo
281 1779 358 1852 post,
372 1767 495 1851 propius
506 1765 711 1829 Americanas
724 1764 839 1849 copias,
852 1764 946 1846 quasi
959 1764 1051 1828 dimi·

169 1876 262 1940 candi
284 1881 394 1953 cause,
409 1876 566 1961 processit.
611 1876 815 1940 Velitationes
837 1896 949 1960 paucae
971 1876 1051 1940 inter

170 1996 341 2068 utrumque
355 1988 529 2050 exercitum
550 1989 687 2066 tiebant;
713 1999 747 2051 at
769 1989 879 2072 copiis⁸
894 1988 1051 2053 universis

170 2097 339 2180 confligere
361 2098 462 2162 noluit
475 2099 748 2183 Washingtonius,
765 2101 825 2163 nisi
846 2100 1051 2166 commodum

169 2210 301 2294 aliquid,
317 2220 373 2273 aut
387 2210 447 2273 loci
461 2212 674 2294 opportunitas
688 2212 824 2276 daretur.
872 2213 1051 2279 Consilium

172 2304 376 2390 Americanos
390 2333 460 2409 post
476 2334 602 2404 tergum
616 2325 795 2403 invadendi,
808 2325 919 2389 crebris
933 2337 1052 2391 castro·

169 2460 243 2505 rum
257 2419 494 2514 mutationibus,
508 2438 693 2501 frustratum
708 2441 778 2501 est.⁴

216 2553 329 2627 Howe,
337 2551 502 2635 imperator
512 2549 694 2625 Britannus,
706 2569 758 2632 spe
769 2551 859 2635 priori
870 2549 1049 2628 destitutus,

171 2673 273 2726 totam
287 2661 361 2722 belli
374 2661 502 2742 gerendi
516 2661 669 2723 rationem
678 2671 802 2724 mutare
814 2662 961 2727 decrevit.
987 2664 1051 2729 No·

174 2792 259 2848 vam,
272 2770 428 2854 deinceps,
443 2772 632 2848 cesaream,
645 2771 791 2835 invadere
807 2795 978 2858 aggressus
993 2787 1049 2841 est.

176 2885 248 2959 Quo
277 2880 405 2945 consilio
434 2884 569 2966 cognito,
600 2884 744 2948 fluvium⁸
775 2888 1051 2969 septentrionalem

174 3063 230 3113 vrbo
240 3062 354 3128 gattamy
363 3061 401 3112 tell
408 3069 434 3113 at
443 3064 481 3112 the
491 3064 553 3115 head
562 3064 590 3114 oi
595 3064 631 3114 his
641 3066 775 3116 commend.
798 3068 893 3116 Tescera
902 3083 982 3118 eomes
992 3069 1052 3121 from

174 3140 216 3191 the
225 3140 306 3191 Greek
316 3139 421 3188 cardinal
431 3139 551 3204 adjective,
562 3140 756 3208 signisyingsour,
766 3143 826 3193 from
835 3144 866 3194 its
876 3145 957 3210 sbape

206 3225 215 3260 r
235 3218 307 3278 rent
320 3215 426 3277 (scilicet,
438 3219 521 3279 porte)
535 3218 683 3284 “acconbng
699 3227 723 3269 to
737 3221 796 3270 their
810 3229 900 3271 utmost
912 3221 1053 3290 ability,”or

174 3310 354 3432 Ὗθᾶωᾶαω,
366 3373 416 3432 dec,
430 3370 491 3421 “the
507 3377 597 3436 county
606 3371 634 3421 of
644 3371 859 3439 wascelinum
874 3375 935 3427 from
954 3378 1050 3443 (latria,

178 3449 405 3588 ''buzocplddde‘llvitb
414 3525 445 3574 all
454 3523 491 3574 his
499 3523 575 3575 forces
582 3529 605 3589 ;”
621 3525 651 3576 he
659 3526 766 3576 declined
775 3544 791 3577 a
800 3532 893 3592 general
902 3533 983 3583 action.

205 3612 219 3649 t
233 3603 377 3653 Prmtratom
387 3608 428 3662 est,
437 3605 452 3631 ‘⁴
459 3618 511 3652 was
518 3602 663 3654 tuscanam
695 3604 784 3656 Takeu
794 3608 919 3677 passively.

204 3688 218 3726 a
233 3679 346 3742 flectam,
355 3678 395 3729 tbe
404 3678 482 3732 Nam
491 3677 564 3730 River
572 3680 705 3750 separating
714 3681 799 3750 Jersey
806 3683 865 3735 from
873 3685 1030 3739 Now-York.
