2444 4530
156 387 229 450 dm
423 402 675 449 wecnrncrortu
697 396 787 448 vm.

166 569 276 612 omnes
295 550 361 613 fere
375 552 512 626 novere3
537 558 570 611 at
584 548 660 631 quid
674 547 712 611 de
728 547 773 610 eis
787 545 915 624 sentiat,
931 539 1044 629 quidve

165 661 361 744 potissimdm
391 658 501 722 laudet
528 660 673 744 culpetvc
700 659 837 744 scriptor
864 659 940 722 vitae
969 659 1045 743 ejus,

165 770 274 835 lectori
289 771 439 835 benevolo
454 771 689 855 explicandum.
759 784 761 789 '

210 884 280 960 Ubi,
303 883 397 961 enim,
418 883 510 967 plura
533 884 565 946 in
587 883 823 967 Weshingtonii
844 883 914 947 vict
935 882 1046 960 nitent,

166 996 301 1058 maculis
324 996 444 1079 paucist,
467 989 564 1078 sique
588 996 736 1073 existant,
759 995 874 1059 offendi
896 995 1047 1058 lectorem

166 1129 230 1171 non
245 1118 372 1191 oportet.
419 1108 547 1172 Munic¹
562 1109 674 1186 multe,
691 1119 759 1171 tam
774 1108 935 1186 militaria,
951 1110 1048 1190 quem

167 1220 281 1298 civilia,
306 1231 389 1297 ente,
414 1220 521 1298 etiem,
548 1222 647 1303 quom
677 1220 797 1283 bellum
820 1219 1048 1284 Americnnum

168 1344 309 1417 coeptum
325 1345 402 1409 erat,
419 1336 548 1396 summa
563 1353 637 1395 curn
650 1333 747 1396 leude
764 1333 862 1396 obivit
876 1332 1048 1415 Wcshing-

168 1445 275 1509 tonius
287 1468 295 1523 ;
313 1445 419 1509 Hertie
431 1456 536 1508 nostro
548 1466 625 1508 usus
637 1456 686 1508 est
696 1444 818 1528 legato²
831 1445 1048 1509 Braddockiue

168 1559 366 1637 fortissimus,
381 1558 518 1621 infausto
533 1558 586 1621 illo
601 1557 714 1642 praelio,
727 1578 790 1640 quo
805 1556 872 1620 dux
887 1557 955 1642 ipse
971 1558 1049 1620 ceci-

169 1671 225 1749 dit,
243 1694 373 1757 parsque
388 1671 544 1734 exercitiis
567 1671 711 1733 maxima
730 1691 831 1747 caesa3
856 1669 990 1753 relique,
1006 1681 1049 1732 tn·

168 1803 253 1862 rnen,
265 1805 347 1868 parc,
355 1783 590 1864 Wcshingtonii
603 1784 780 1879 vigilantio³
788 1781 1050 1867 prudentidffion·

168 1894 247 1973 cilio,
272 1907 305 1958 et
329 1897 453 1971 virtute,
477 1894 608 1957 tandem
635 1896 798 1977 egerrime
821 1895 881 1958 fuit
906 1907 1048 1960 servator

168 2005 270 2089 quod⁸
292 2007 318 2069 si
333 2006 569 2086 Washingtonii
586 2007 714 2069 consilio
735 2006 953 2071 Braddockiue
976 2029 1051 2071 usuc

168 2119 271 2196 fuerit,
288 2117 411 2182 cladem
427 2129 560 2195 tantem,
573 2120 721 2202 profecto,
732 2120 784 2184 die
797 2120 867 2198 isto,
880 2141 945 2184 non
961 2141 1052 2184 ncce-

169 2233 264 2318 pisset
279 2232 435 2295 exercitus
450 2231 662 2295 Britannicum
868 2280 876 2321 l

215 2347 325 2423 Quum
347 2344 467 2409 bellum
490 2355 634 2428 opertum
658 2361 733 2407 eum
759 2344 920 2409 Britannis
945 2366 1051 2428 gerere

170 2462 358 2524 necessitate
390 2458 460 2523 dire
491 2467 676 2540 cogerentur
705 2457 897 2534 Americani‚
927 2479 1053 2523 summo

171 2594 326 2637 consensu
342 2572 495 2648 omnium,
511 2591 645 2653 quorum
660 2570 810 2646 interfuit,
827 2570 881 2652 qui
901 2572 1054 2635 exercitui

171 2685 362 2748 Americano
386 2694 540 2765 praeesset,
556 2683 676 2746 electus
698 2683 758 2745 fuit
780 2683 1052 2766 Washingtonius.

171 2797 350 2873 Summam,
367 2795 464 2872 enim,
477 2796 637 2872 virtutem,
654 2795 829 2872 consilium,
842 2796 1054 2878 prudentiam,

172 2918 204 2969 et
218 2907 292 2970 belii
306 2928 402 2971 usum
415 2908 448 2970 in
463 2929 500 2970 eo
513 2929 591 2985 esse,
603 2918 815 2989 cognoverant
828 2928 956 2985 omnes;
974 2913 1054 2988 una,

173 3019 291 3101 itaque,
308 3041 396 3097 voce,
408 3019 574 3103 imperator
590 3040 734 3082 summus
749 3021 771 3083 ὲ
787 3019 965 3102 Congretsu
981 3041 1055 3084 con·

173 3134 302 3195 stitutus
314 3134 384 3195 fuit.

204 3263 212 3297 1
229 3257 321 3316 Mento,
333 3260 348 3284 ⁴⁴
356 3255 519 3317 Wcshington
531 3254 661 3318 performed
671 3270 745 3319 many
754 3257 843 3318 offices,
851 3272 879 3305 ec
889 3257 944 3305 well
954 3257 1057 3324 militcry

173 3349 201 3382 as
212 3332 273 3392 civil,
283 3347 343 3380 even
353 3330 432 3379 before
441 3331 481 3378 the
492 3330 619 3379 American
630 3347 681 3378 wcr
690 3347 741 3379 wne
752 3333 906 3397 tegumenti
915 3335 956 3384 the
966 3341 1058 3386 utmost

173 3409 386 3461 commendeticn.”

205 3498 217 3533 t
232 3489 324 3551 Legcto,
336 3489 384 3534 “ce
394 3483 481 3534 second
491 3483 516 3532 in
526 3483 653 3533 commend
661 3488 683 3546 ;”
699 3483 734 3533 for
743 3484 772 3533 he
782 3502 833 3534 wcc
843 3485 881 3535 hic
891 3485 937 3536 oid

205 3575 217 3610 t
234 3565 308 3625 Quod,
320 3566 370 3624 dfe,
381 3563 444 3611 “but
453 3561 474 3610 if
483 3560 609 3611 Brnddock
618 3561 667 3610 hod
674 3561 781 3611 followed
791 3563 831 3611 the
840 3563 922 3613 advice
929 3563 958 3613 of
962 3563 1057 3615 Wun-

175 3647 266 3709 ington,
276 3642 315 3691 the
329 3639 416 3689 Britich
432 3639 583 3689 detcchment
596 3639 675 3688 wouid
690 3647 739 3700 not,
754 3639 848 3702 indeed,
863 3637 923 3691 have
939 3639 1056 3704 received,

175 3737 208 3771 on
217 3722 269 3770 thot
278 3719 333 3784 day,
346 3717 397 3781 (eth
407 3716 423 3768 J
425 3717 472 3782 uly,
485 3719 563 3782 1755,)
576 3733 602 3766 co
612 3724 705 3782 grente
715 3716 897 3767 discomfiture’·
