2444 4530
433 379 685 426 wisurucrorur
706 378 795 427 vrrs.
1015 359 1057 427 49

166 608 174 615 ‚
216 525 340 592 Eodem
354 527 422 589 lere
435 534 585 609 tempore,
601 524 728 589 colonie
741 524 824 589 inter
838 543 874 588 se
888 523 1058 590 mamete

169 639 258 704 mira
272 637 518 702 consentiebant
557 636 656 701 Amor
675 639 781 722 patrita
795 637 920 702 ordines
935 658 1055 717 omnes,

171 751 331 834 cujusque
363 750 464 812 utatis
493 748 637 812 homines
670 750 835 814 incitavit:
874 751 1057 835 prejudicio

170 863 270 926 etiam
285 863 433 944 religiosa
445 861 563 944 insigni
575 861 683 945 patrita
694 861 798 953 studio
812 864 1053 947 superabantur.

170 973 480 1040 'fremebundorum¹
501 973 720 1037 adolescentes
742 973 869 1059 plurimi
892 975 935 1040 nd
952 986 1056 1041 coetua

169 1087 321 1152 militares
333 1107 401 1150 sese
413 1096 680 1170 aggregaverant.
720 1086 788 1150 Nec
797 1088 941 1152 studium
956 1090 1055 1154 hocce

169 1199 320 1262 libertatis
348 1201 529 1263 communis
559 1199 687 1262 tuendae
716 1199 799 1262 viros
824 1201 930 1283 magis
956 1221 1056 1285 quam

168 1313 317 1376 ioeminas
348 1314 498 1376 tenebat:
531 1322 701 1389 conventu,
726 1312 822 1390 enirn,
850 1313 1056 1377 foeminarum

169 1425 353 1488 comitatos·
367 1424 579 1501 Bristoliensis
590 1424 676 1509 apud
687 1425 925 1507 Pennsylvanos
936 1426 1056 1503 habito,

168 1537 315 1623 pecuniae
336 1537 413 1600 satis
429 1536 557 1620 grandis
576 1556 713 1614 summa,
736 1535 780 1600 ad
800 1534 1060 1599 conscribendam

168 1647 455 1730 instruendumque
469 1648 639 1732 legionem,
653 1651 798 1712 confecta
814 1659 847 1712 et
860 1660 970 1712 coacta
984 1647 1056 1733 fuit.

170 1761 282 1844 Hujus
304 1761 436 1844 legionis
458 1761 611 1825 militibus
634 1763 818 1846 conscriptis
840 1772 874 1825 et
896 1762 930 1825 in
952 1779 1056 1824 unum

169 1874 299 1952 coactis,
310 1878 426 1937 nurus⁸
435 1876 475 1938 ab
488 1876 616 1959 reliquis
628 1874 774 1958 delegata
785 1886 845 1953 eat,
856 1896 926 1959 quae
936 1875 1055 1939 vexillo

168 1985 338 2071 splendido,
361 1988 604 2051 emblematibus
633 1989 714 2072 aptis
743 1999 863 2066 ornato,
890 1989 1053 2072 legionem

167 2099 306 2164 donaret.
346 2099 468 2164 Eodem
480 2112 629 2185 tempore,
640 2102 815 2165 orationem
826 2102 1053 2165 vehementem

168 2211 254 2295 apud
267 2212 425 2295 legionem
438 2215 562 2292 habuit,
573 2215 683 2296 sicque
696 2217 856 2298 prefectos
870 2213 1054 2295 militesque

168 2325 265 2387 effata
284 2325 420 2404 dicitur,
452 2327 532 2390 “Ne
558 2327 707 2389 columbi
734 2339 825 2387 terroe
851 2325 1056 2385 dominarum

168 2436 290 2499 vexilla
313 2437 469 2514 deserant,
487 2438 548 2499 nisi
568 2457 672 2498 nurus
693 2435 904 2498 Americanas
927 2433 1059 2495 nomina

168 2550 252 2614 inter
268 2549 386 2611 milites
400 2548 475 2611 dare
492 2559 525 2610 et
540 2546 674 2630 profiteri
688 2546 852 2630 cupiant''

214 2662 394 2739 Exercitus,
425 2661 478 2725 cui
513 2662 681 2745 praefectus
710 2657 983 2742 Washingtonius,
1013 2678 1056 2724 ex

166 2776 337 2860 quindenis
347 2778 411 2841 sere
424 2775 596 2839 hominum
607 2771 746 2835 millibus
757 2773 929 2835 constabat.
973 2772 1053 2837 sex-

167 2890 233 2954 tilis
255 2891 305 2954 die
328 2902 451 2973 quarto,
467 2861 607 2972 pulv'eris
629 2885 734 2947 nitrati
757 2884 841 2970 apud
863 2885 998 2963 colonos,
1020 2895 1054 2950 et

200 3093 209 3127 1
227 3087 444 3145 Trnuebaadorum,
456 3083 614 3143 “Qualem’‘
624 3097 656 3143 or,
667 3097 694 3130 ss
703 3081 760 3147 they
769 3097 810 3130 are
820 3079 955 3130 sometimes
969 3079 1053 3144 called,

165 3164 277 3226 seierum
293 3180 309 3211 a
319 3162 384 3211 class
394 3160 423 3210 ot’
434 3160 523 3225 people,
534 3159 595 3221 wbo,
606 3159 641 3208 l'or
656 3159 730 3208 moral
746 3158 858 3224 integrity
867 3157 916 3206 and
931 3157 997 3208 strict
1011 3159 1053 3208 ob·

166 3255 283 3290 servenoe
294 3239 323 3288 os
333 3239 373 3287 the
383 3237 461 3287 duties
472 3237 547 3286 which
556 3237 630 3287 cdorn
639 3237 678 3286 the
688 3237 776 3285 human
787 3236 916 3296 character,
926 3234 1006 3285 would
1022 3235 1055 3286 do

167 3317 244 3367 honor
259 3323 284 3364 to
294 3332 343 3379 any
354 3322 444 3379 system
453 3315 481 3364 oi
491 3315 563 3378 saitl13
580 3314 599 3364 it
608 3321 674 3364 must
687 3315 717 3363 be
733 3312 865 3374 confessas,
875 3312 992 3373 however,
1002 3312 1054 3363 thet

166 3395 227 3458 they
238 3391 268 3441 do
284 3400 332 3453 not,
342 3395 461 3456 gmerclly,
475 3408 608 3458 encourage
622 3393 701 3441 unae
717 3392 840 3452 literature,
856 3405 883 3440 or
897 3388 922 3439 in
937 3389 994 3451 fine,
1004 3403 1054 3454 any

143 3514 148 3523 .
167 3472 322 3536 department
330 3469 359 3518 of
369 3470 408 3519 the
417 3472 482 3519 belles
492 3472 575 3519 lettres.

199 3556 211 3591 ¹
230 3549 361 3608 ennaea,
372 3550 408 3596 “s
417 3551 528 3612 oouuty,’‘
539 3547 599 3596 from
608 3561 688 3606 omnes,
699 3547 715 3573 “
722 3559 753 3594 tn
761 3544 810 3593 earl
820 3559 848 3593 or
856 3546 952 3593 count.”

199 3626 318 3685 ldiimtt,
334 3625 448 3690 properly,
460 3642 476 3673 a
490 3627 556 3674 son's
571 3622 633 3684 wife,
644 3637 660 3670 a
675 3619 893 3686 daughter-inlus,
906 3621 951 3668 but
964 3615 990 3666 in
1006 3613 1053 3664 thiu

166 3697 642 3770 pengeitmeamssyumgmuried
654 3695 734 3764 troya

591 3783 612 3828 B
