2444 4530
170 326 233 392 188
422 340 673 390 wasnnmrornr
695 341 784 388 arra.

167 490 249 568 forie,
258 508 334 552 eum
343 490 366 554 h
376 488 496 552 ratione
507 487 733 573 rempublicam
744 487 942 572 gubemandi
953 490 1044 568 recth,

168 622 312 678 avocare,
338 610 371 664 et
392 600 541 665 seducere
566 610 724 665 tentatum
749 600 830 677 suit3
859 601 1045 684 periculum,

169 728 288 792 autern,
311 714 405 777 inane
428 725 516 792 erat;
543 713 700 792 immotus,
723 713 829 777 media
852 724 1046 798 tempestate,

168 849 239 911 qua
263 847 339 889 eum
364 827 520 909 cingebat,
544 846 665 911 semper
688 825 870 910 permansit.
917 826 973 890 Vis
995 849 1048 890 ex·

168 951 258 1002 terna
279 949 312 1002 et
334 938 454 1002 insidiae
468 939 564 1004 facile
578 940 816 1023 superabantur,
832 950 864 1002 et
883 938 1048 1003 insolentia

167 1050 403 1135 peregrinorum
417 1051 577 1114 incassum
589 1062 666 1115 erat.
712 1051 898 1115 Britannioe¹
912 1071 1047 1134 magnae,

168 1181 216 1225 rea
231 1162 364 1245 injustas
373 1164 502 1247 petenti,
515 1163 725 1246 legationibus
738 1164 841 1247 magia
851 1166 952 1247 qulam
968 1164 1047 1227 bello

167 1275 327 1338 satisfecit.
374 1275 496 1353 Galliae,
526 1276 614 1354 item,
643 1276 889 1339 moderatoribus
919 1276 1047 1353 insanis,

168 1408 227 1450 nec
242 1387 360 1450 bellum
372 1408 431 1451 nec
446 1408 558 1472 pacem
571 1388 752 1451 minabatur
764 1409 772 1466 ;
790 1399 834 1466 at,
845 1408 904 1450 seu
920 1388 1046 1466 bellum,

168 1522 225 1564 eeu
239 1521 303 1586 pax
318 1500 471 1579 inciderit,
482 1513 610 1586 paratus
620 1521 743 1586 semper
753 1500 824 1578 fuit,
839 1512 932 1584 prout
944 1501 1048 1586 populi

168 1615 281 1698 magni
292 1615 513 1697 magistratum
524 1613 761 1691 summum,tali
773 1612 805 1675 in
816 1633 859 1690 re,
870 1613 1047 1678 condecuit.

169 1726 266 1812 Apud
280 1739 448 1810 utramque
463 1727 571 1809 igitur,
588 1737 726 1809 gentem,
742 1726 824 1790 bene
839 1724 1018 1790 audiebat!

213 1838 353 1902 Proesidis
368 1839 549 1903 Americani
570 1839 670 1902 officio
684 1841 832 1920 iungens,
849 1849 961 1921 gentes
984 1858 1051 1901 om·

169 1966 225 2010 nes
247 1949 281 2011 in
296 1969 374 2030 pace
389 1951 520 2025 amicas,
536 1949 568 2010 in
583 1949 665 2012 bello
686 1949 831 2012 inimicas
853 1970 921 2012 esse
938 1950 1047 2015 voluit

171 2058 410 2123 lnimicitiarum
433 2069 577 2122 veterum
599 2058 694 2124 facile
708 2059 959 2140 obliviscebatur,
976 2082 1051 2127 cum

171 2169 373 2234 commodum
384 2169 544 2254 publicum
558 2171 603 2234 ita
614 2172 984 2258 postularet-Tempus,
993 2196 1051 2239 au·

170 2294 247 2360 tarn,
259 2302 316 2345 noe
331 2293 448 2361 monet,
463 2294 500 2345 ut
513 2283 713 2347 illustrissimi
726 2285 962 2369 Washingtonii
978 2289 1051 2379 uitae

171 2397 267 2459 linem
298 2395 518 2481 imponamus;
557 2397 773 2480 quamobrem,
807 2398 853 2460 ita
884 2399 1049 2479 faciamus,

171 2509 279 2574 Deum
292 2511 448 2594 optimum
459 2512 637 2573 maximum
653 2509 817 2594 precando,
830 2521 866 2573 ut
876 2513 1052 2595 requiescat

171 2623 205 2686 in
221 2644 298 2707 pace
314 2623 504 2705 sempiterna
520 2622 604 2707 apud
619 2624 727 2686 beatos
742 2623 774 2685 in
790 2623 877 2686 coelis

172 2831 226 2866 aver
235 2815 361 2866 continued
371 2817 492 2881 steadlast,
502 2817 527 2868 in
537 2819 576 2868 the
585 2817 657 2869 midat
666 2818 694 2869 of
704 2819 744 2869 the
753 2826 855 2885 tempest
863 2819 943 2870 which
957 2836 1053 2871 encom-

172 2891 259 2957 passed
269 2892 341 2942 bim.”

203 2976 211 3010 ¹
229 2971 365 3033 Britannia,
377 2975 426 3034 lfa,
438 2972 488 3022 “he
498 2971 603 3022 satisfied
613 2973 690 3022 Great
700 2972 799 3034 Britain,
809 2972 955 3038 demanding
969 2964 1053 3040 thin'g·

172 3045 223 3096 mat
233 3061 295 3095 were
304 3049 484 3110 unreasonable‚
494 3051 526 3114 by
536 3049 673 3111 emhessies,
684 3050 761 3099 rather
770 3050 828 3098 than
839 3055 911 3100 war.”

203 3129 214 3164 t
230 3122 293 3170 Benl
303 3125 412 3185 audiebat,
424 3124 568 3173 “sustained
579 3142 594 3173 a
604 3125 665 3190 good
676 3127 826 3189 character;”
841 3125 875 3177 sor
885 3128 946 3189 tent,
956 3143 984 3177 or
994 3126 1053 3176 aedi

172 3200 258 3258 audire,
271 3199 308 3260 (de
318 3215 342 3246 ae
356 3198 428 3263 being
437 3201 599 3264 understood)
611 3201 631 3249 is
641 3209 666 3250 to
675 3201 735 3251 have
745 3218 760 3251 a
769 3202 831 3269 good
841 3220 891 3254 ora
901 3203 948 3253 bad
964 3220 1051 3269 nam03

172 3273 280 3340 literally,
291 3280 312 3324 to
321 3276 375 3324 hear
383 3277 442 3337 well,
452 3292 478 3324 or
486 3278 520 3338 itt,
530 3279 558 3341 os
567 3278 657 3342 merely:
