2444 4530
427 379 677 427 wrsnrnoronrr
701 379 789 425 vrrs.
984 359 1047 427 213

171 545 299 603 canum,
322 524 556 608 Washingtonii
577 524 686 602 ductu,
703 523 745 588 ad
763 523 885 585 exitum
907 520 1049 584 felicissi-

170 658 263 701 mum
280 639 445 723 perducere
461 639 612 721 dignatus
628 649 683 701 est.

217 752 370 835 Collegia,
386 751 585 828 Academias,
602 760 635 813 et
648 749 739 812 ludos
758 747 910 810 literarios
925 745 1049 808 institu·

170 884 221 925 ere
244 866 361 947 ubique
377 874 505 948 oportet,
521 875 567 941 ut,
583 862 719 945 religio‚¹
735 858 795 925 Dei
817 861 882 924 veri
905 860 1049 938 scientia,

168 986 202 1037 et
223 988 305 1038 artes
320 977 390 1039 vitae
414 977 508 1040 utiles
524 977 640 1058 ubique
655 976 798 1058 vigeant,
814 983 851 1037 ut
873 974 1005 1036 scientia
1028 974 1051 1036 a

170 1089 316 1170 gentibus
338 1090 462 1152 cunctis
480 1086 711 1171 dignoscantur
727 1085 935 1152 Americani:
960 1086 1050 1170 pacis
1134 1129 1137 1133 -

169 1202 275 1264 studia
301 1201 406 1264 colant
418 1225 426 1279 ;
456 1203 493 1291 in.
512 1222 600 1286 pace,
622 1212 744 1291 autam,
767 1198 849 1263 bello
873 1198 1051 1262 necessaria

168 1325 288 1399 parent.
334 1315 464 1378 Justitia
489 1327 520 1376 et
547 1314 715 1376 virtutibus
741 1313 887 1376 omnibus
915 1311 1051 1394 egregiis

168 1426 310 1508 insignes
333 1427 404 1503 sint,
429 1437 461 1488 et
486 1427 554 1488 Deo
580 1425 646 1502 soli,
666 1424 816 1487 libertatis
838 1446 876 1488 ao
898 1426 1053 1487 bonorum

170 1538 316 1599 omnium
332 1538 463 1613 auctori,
479 1537 595 1618 gratias
611 1554 732 1619 semper
744 1547 844 1619 agant
856 1558 864 1598 ε
878 1534 1054 1623 Washing·

170 1649 247 1712 tonii
268 1650 398 1711 virtutes
421 1670 541 1732 semper
556 1647 777 1712 recordentur:
801 1649 970 1711 factorum²
985 1647 1055 1730 ejus

170 1760 370 1845 splendorem
383 1763 420 1824 ob
433 1762 541 1825 oculos
556 1762 746 1846 propositum
762 1782 883 1844 semper
896 1740 1052 1823 habeant:

168 1867 341 1956 Deumque
357 1896 480 1959 semper
494 1885 667 1958 precentur,
684 1883 720 1936 ut
739 1873 858 1958 imperii
873 1871 1054 1936 Americani

167 1988 303 2052 felicitas
317 2000 469 2073 perpetua
484 1990 533 2052 sit.
653 1961 657 1969 .

167 2096 171 2102 ’
187 2172 190 2177 ,
214 2102 371 2187 lmprobos
384 2123 494 2188 omnes
508 2100 640 2179 oderint,
650 2100 752 2164 malos
764 2099 865 2185 poenis
875 2105 1053 2177 cherceant,

164 2202 265 2278 ¹bonos
280 2215 395 2277 honore
408 2226 654 2298 prosequantur:
679 2215 773 2277 viros⁸
784 2214 891 2277 doctos
903 2213 938 2276 in
955 2213 1053 2298 pretio

169 2328 331 2391 habeant:
351 2328 543 2413 ignorantia
570 2328 688 2410 ubique
715 2337 820 2410 spreta
846 2325 971 2409 jaceat:
1004 2327 1055 2403 sit,

171 2431 316 2522 denique,
326 2440 360 2503 in
372 2441 622 2525 uniuscujusque
636 2443 736 2503 fronte
750 2439 910 2522 scriptum,
924 2439 1000 2522 quid
1016 2439 1055 2502 de

171 2551 331 2635 republica
351 2553 473 2617 sentiat.
520 2552 771 2636 Agriculturam‚
787 2553 953 2615 mercium⁴
971 2574 1056 2615 com·

172 2663 392 2742 mutationem,
407 2665 500 2729 fidem
524 2665 710 2728 inviolatam
726 2675 852 2729 ament:
878 2676 1043 2750 temperari

173 2777 262 2852 tiam,
279 2786 310 2837 et
325 2778 461 2865 virtutes
471 2799 580 2841 omnes
596 2778 710 2841 colant.

201 2965 211 3001 1
229 2960 326 3021 Religio,
339 2961 388 3018 da,
400 2960 415 2986 ‘⁴
422 2957 475 3005 that
484 2956 638 3021 religionum
646 2957 788 3022 knowledge
794 2958 823 3008 ol
828 2960 868 3008 the
875 2966 927 3008 true
938 2959 1001 3019 God,
1010 2959 1059 3008 and

172 3035 213 3085 the
223 3042 272 3084 arta
281 3033 358 3083 useful
368 3041 394 3083 to
402 3033 449 3095 life,
457 3050 514 3097 may
524 3034 674 3098 everywhere
684 3033 794 3097 llourish;
806 3036 858 3085 tlrat
865 3036 905 3084 the
916 3035 1058 3086 Amerioarrs

172 3128 230 3176 may
244 3114 274 3160 be
289 3108 470 3176 distinguished,
487 3111 520 3175 by
534 3111 594 3159 their
608 3110 759 3175 knowledge,
774 3110 835 3161 from
852 3113 883 3162 all
899 3113 1006 3163 natione:
1026 3114 1059 3163 let

172 3189 237 3238 them
254 3189 355 3253 practise
370 3189 411 3236 the
425 3187 530 3252 pursuits
539 3187 568 3237 of
578 3203 665 3253 peace3
683 3191 733 3251 but,
744 3189 769 3240 in
784 3206 865 3256 peace,
879 3191 912 3240 let
927 3192 993 3240 them
1006 3207 1058 3256 pre·

173 3281 231 3333 pare
241 3266 320 3331 things
332 3281 459 3331 necessary
469 3266 504 3315 for
514 3271 586 3316 war.”
807 3310 808 3315 ,

205 3353 216 3388 a
232 3346 359 3404 Factorum,
377 3347 426 3405 da,
438 3343 491 3392 “let
505 3344 571 3392 them
587 3359 642 3394 ever
657 3344 719 3394 have
735 3345 775 3398 dre
789 3346 863 3396 lustre
879 3346 908 3396 os
927 3346 965 3395 his
985 3345 1059 3395 deeds

174 3420 258 3487 placed
269 3421 346 3469 before
356 3421 416 3470 their
425 3426 503 3486 eyes.”

205 3507 216 3543 t
235 3500 308 3560 Viros,
321 3502 369 3559 dec,
382 3500 434 3548 “let
442 3500 508 3548 thern
518 3499 572 3548 hold
582 3499 676 3549 learned
686 3517 741 3550 men
752 3499 777 3549 in
787 3501 943 3551 estimation.”

176 3649 184 3662 ·
207 3583 218 3619 r
234 3577 357 3637 Macran,
369 3579 410 3637 dc.
421 3577 484 3627 “the
494 3576 617 3643 exchange
627 3577 655 3628 of
665 3576 853 3642 merchandize,”
863 3596 889 3630 or
898 3591 975 3628 waren
982 3594 990 3641 ς
1006 3573 1060 3628 tho

170 3664 207 3714 aa,
216 3666 354 3703 commarca.
