2444 4530
429 358 678 407 wrsnrnoronrr
700 359 790 406 vrrs.
1009 338 1052 404 dd

167 527 383 591 ausorumque
397 525 586 590 magnorum
601 503 733 568 aviditas
745 503 812 582 illa,
826 501 1049 588 intrepiditate,

167 643 241 706 quae
257 620 396 706 pericula
410 618 518 682 omnia
531 616 624 681 nihili
638 617 772 702 pendere
787 617 946 694 monebat,
962 618 1050 680 sove-

167 735 272 797 batur.
319 732 455 810 Sciebat,
471 732 568 809 euim,
583 730 700 814 copias,
715 751 793 813 quas
806 740 878 793 tum
899 728 1048 805 ducebat,

168 866 361 930 quoeunque
388 828 440 908 ria
465 854 702 920 monstraretur,
728 844 857 906 summa
885 842 1050 905 alacritate

166 968 349 1021 secuturas:
366 958 488 1035 urbem,
498 958 619 1041 itaque,
630 977 825 1042 expugnare,
837 967 893 1020 aut
903 956 1049 1020 decoram

166 1079 272 1154 petere
286 1090 340 1154 per
354 1070 488 1134 vulnera
502 1081 649 1148 mortem,
663 1069 808 1134 decrevit.

210 1183 279 1245 Sub
294 1183 412 1246 mensis
428 1183 611 1246 Deeembris
626 1184 734 1259 finem,
748 1202 834 1245 anno
847 1202 942 1267 supra
955 1181 1049 1259 dtoto,

168 1293 211 1357 ad
232 1296 516 1378 expugnationem,
531 1295 636 1380 prima
649 1294 733 1372 luee,
749 1294 924 1358 exereitum
947 1293 1051 1372 duxit,

168 1418 268 1490 utque
283 1409 524 1478 emulationem
539 1408 635 1494 copiis
647 1408 886 1494 provincialibus
902 1408 1053 1492 injiceret,

168 1521 366 1602 oppugnatio
381 1520 502 1606 duplex
517 1531 596 1598 erat,
612 1541 751 1604 quarum
766 1523 880 1598 unua
900 1519 1056 1583 militibus

168 1630 387 1713 Novanglieis,
404 1632 548 1696 Amoldii
570 1633 680 1712 ductu,
696 1634 834 1698 alterna
857 1632 952 1716 copiis
974 1629 1056 1695 Neo·

169 1742 435 1823 Eboracensibus,
446 1766 526 1828 quas
534 1746 719 1809 fortissimus
730 1744 983 1829 Montgomerr'us
994 1742 1054 1807 du·

168 1856 263 1918 eebat
274 1856 349 1941 ipse,
361 1859 456 1922 faeta.
503 1858 634 1937 Semita,
645 1862 712 1942 qud
724 1857 955 1942 Montgomerio
968 1854 1052 1942 copi-

166 1968 258 2051 isque
274 1968 511 2035 aueoedendum
526 1982 602 2050 erat,
617 1983 811 2056 perangusto
825 1972 899 2050 fuit,
914 1980 957 2050 et,
971 1989 1052 2055 quo·

165 2080 265 2158 niam,
278 2081 394 2146 virtute
406 2084 550 2149 maxime
565 2084 686 2149 eximia
699 2105 779 2170 opus
793 2087 858 2148 sore
874 2084 1002 2161 sciebat,
1016 2082 1052 2145 in

166 2190 227 2257 hoe
253 2194 405 2259 molimen
426 2197 610 2261 fortissimos
632 2218 774 2274 quosque
793 2198 877 2262 viros
899 2197 1050 2280 elegerat.

168 2304 253 2365 luter
263 2300 481 2385 largissimum
492 2300 574 2365 nivis
584 2302 718 2365 imbrem
729 2302 772 2366 ad
782 2309 1053 2386 oppugnationem

167 2415 337 2498 prooessit:
361 2413 470 2496 primis
492 2413 652 2476 claustris¹
668 2413 780 2496 captis,
794 2413 831 2474 iu
851 2412 958 2474 hostes
980 2433 1055 2476 eum

168 2524 267 2608 eopiis
281 2524 384 2600 irruit,
397 2542 608 2607 pugnamque
621 2521 766 2586 eominus
778 2542 940 2587 conserere
950 2532 1056 2587 matu·

169 2635 264 2702 ravit.
312 2635 461 2699 Claustra
489 2633 643 2712 secunda,
669 2655 740 2718 quae
765 2633 807 2699 ad
830 2636 914 2700 urbis
938 2640 1055 2722 portas²

169 2751 273 2814 reeta³
285 2746 452 2826 ducebant,
466 2746 595 2810 munita
604 2747 692 2810 firmo
703 2747 851 2832 prasidio,
861 2748 1049 2834 militesque,

201 3101 319 3150 ssPortor.
350 3095 1052 3165 “Gata‚”fromthedmplsmmirivavabpmo‚1arry;

170 3177 274 3227 betam
285 3176 324 3226 tlre
333 3174 613 3241 Romminplonghing
621 3176 743 3227 roundthe
752 3175 988 3227 simolmintended
997 3177 1054 3242 city,

173 3252 264 3316 (which
278 3268 331 3301 was
347 3252 387 3300 the
402 3267 458 3301 ease
472 3252 544 3303 when
559 3252 615 3319 they
624 3253 715 3305 wished
724 3260 750 3304 to
761 3253 836 3303 found
851 3270 867 3303 a
876 3253 944 3319 eity‚)
962 3254 1054 3320 always

170 3330 307 3380 emtis
314 3323 695 3395 plmgbma‘tloaeplam'aolsere
704 3332 869 3394 stateram
884 3336 960 3394 agate
975 3333 1056 3380 stotdd

170 3409 215 3459 ber
233 3404 315 3466 heuoe,
326 3405 448 3457 memma

204 3490 215 3524 ⁸
231 3479 274 3530 An
284 3481 395 3546 adjective
404 3501 469 3534 noun
476 3484 504 3535 ol
509 3485 574 3534 three
580 3484 752 3546 armandam,
762 3484 876 3551 agraairrg
881 3485 940 3535 with
947 3484 988 3535 dre
998 3486 1055 3535 suh-

172 3558 277 3611 tantive
295 3561 332 3608 oia
344 3559 451 3626 implied;
467 3562 487 3612 it
499 3561 522 3612 is
536 3561 621 3628 placed
636 3562 700 3624 hare,
718 3563 862 3627 demidio,
876 3562 925 3613 and
941 3561 1055 3628 signiam,

172 3640 189 3668 rt
196 3634 372 3703 δῴη»
381 3654 408 3690 03
417 3638 559 3704 uffimflyp

576 3717 621 3765 Η
