<?xml version="1.0" encoding="UTF-8"?>
<!DOCTYPE html PUBLIC "-//W3C//DTD XHTML 1.0 Transitional//EN"
    "http://www.w3.org/TR/xhtml1/DTD/xhtml1-transitional.dtd">
<html xmlns="http://www.w3.org/1999/xhtml" xml:lang="en" lang="en">
 <head>
  <title>
</title>
<meta http-equiv="Content-Type" content="text/html;charset=utf-8" />
  <meta name='ocr-system' content='tesseract 3.04.00' />
  <meta name='ocr-capabilities' content='ocr_page ocr_carea ocr_par ocr_line ocrx_word'/>
</head>
<body>
  <div class='ocr_page' id='page_1' title='image "./alifegeorgewash01glasgoog_0060.png"; bbox 0 0 2444 4530; ppageno 0'>
   <div class='ocr_carea' id='block_1_1' title="bbox 367 280 1050 366">
    <p class='ocr_par' dir='ltr' id='par_1_1' title="bbox 367 280 1050 366">
     <span class='ocr_line' id='line_1_1' title="bbox 367 280 1050 366; baseline 0.018 -12"><span class='ocrx_word' id='word_1_1' title='bbox 367 280 374 292; x_wconf 74' lang='grc'><strong><em>’</em></strong></span> <span class='ocrx_word' id='word_1_2' title='bbox 428 311 679 359; x_wconf 76' lang='lat' dir='ltr'><strong>wasarncrouu</strong></span> <span class='ocrx_word' id='word_1_3' title='bbox 702 316 790 362; x_wconf 81' lang='lat' dir='ltr'><strong>vim.</strong></span> <span class='ocrx_word' id='word_1_4' title='bbox 1008 302 1050 366; x_wconf 77' lang='lat' dir='ltr'><strong>tt</strong></span> 
     </span>
    </p>
   </div>
   <div class='ocr_carea' id='block_1_2' title="bbox 167 455 1051 658">
    <p class='ocr_par' dir='ltr' id='par_1_2' title="bbox 167 455 1051 658">
     <span class='ocr_line' id='line_1_2' title="bbox 167 455 1051 542; baseline 0.009 -24"><span class='ocrx_word' id='word_1_5' title='bbox 167 455 273 519; x_wconf 89' lang='lat' dir='ltr'><strong>multa</strong></span> <span class='ocrx_word' id='word_1_6' title='bbox 282 476 454 540; x_wconf 85' lang='lat' dir='ltr'><strong>perpessus,</strong></span> <span class='ocrx_word' id='word_1_7' title='bbox 462 455 592 540; x_wconf 87' lang='lat' dir='ltr'><strong>plusque</strong></span> <span class='ocrx_word' id='word_1_8' title='bbox 599 469 683 542; x_wconf 88' lang='lat' dir='ltr'><strong>parte</strong></span> <span class='ocrx_word' id='word_1_9' title='bbox 693 461 784 525; x_wconf 72' lang='lat' dir='ltr'><strong>tertia</strong></span> <span class='ocrx_word' id='word_1_10' title='bbox 795 459 933 524; x_wconf 90' lang='lat' dir='ltr'><strong>militum</strong></span> <span class='ocrx_word' id='word_1_11' title='bbox 944 462 1051 526; x_wconf 89' lang='lat' dir='ltr'><strong>morbo</strong></span> 
     </span>
     <span class='ocr_line' id='line_1_3' title="bbox 168 567 1049 658; baseline 0.006 -26"><span class='ocrx_word' id='word_1_12' title='bbox 168 579 203 632; x_wconf 85' lang='lat' dir='ltr'><strong>at</strong></span> <span class='ocrx_word' id='word_1_13' title='bbox 217 567 390 631; x_wconf 81' lang='lat' dir='ltr'><strong>desertione</strong></span> <span class='ocrx_word' id='word_1_14' title='bbox 407 568 525 646; x_wconf 72' lang='lat' dir='ltr'><strong>attrita,</strong></span> <span class='ocrx_word' id='word_1_15' title='bbox 540 569 680 632; x_wconf 89' lang='lat' dir='ltr'><strong>tribunus</strong></span> <span class='ocrx_word' id='word_1_16' title='bbox 694 571 862 636; x_wconf 80' lang='lat' dir='ltr'><strong>Amoldius</strong></span> <span class='ocrx_word' id='word_1_17' title='bbox 878 573 921 636; x_wconf 92' lang='lat' dir='ltr'><strong>ad</strong></span> <span class='ocrx_word' id='word_1_18' title='bbox 942 585 1049 658; x_wconf 77' lang='lat' dir='ltr'><strong>partes</strong></span> 
     </span>
    </p>
   </div>
   <div class='ocr_carea' id='block_1_3' title="bbox 166 679 1051 2672">
    <p class='ocr_par' dir='ltr' id='par_1_3' title="bbox 166 679 1051 2560">
     <span class='ocr_line' id='line_1_4' title="bbox 171 679 1049 769; baseline 0.008 -26"><span class='ocrx_word' id='word_1_19' title='bbox 171 679 313 743; x_wconf 84' lang='lat' dir='ltr'><strong>Canadae</strong></span> <span class='ocrx_word' id='word_1_20' title='bbox 326 680 493 757; x_wconf 86' lang='lat' dir='ltr'><strong>habitatas,</strong></span> <span class='ocrx_word' id='word_1_21' title='bbox 506 680 838 769; x_wconf 12' lang='lat' dir='ltr'><strong>sexthebdomadarum</strong></span> <span class='ocrx_word' id='word_1_22' title='bbox 850 686 961 749; x_wconf 90' lang='lat' dir='ltr'><strong>itinere</strong></span> <span class='ocrx_word' id='word_1_23' title='bbox 973 707 1049 750; x_wconf 88' lang='lat' dir='ltr'><strong>con-</strong></span> 
     </span>
     <span class='ocr_line' id='line_1_5' title="bbox 168 792 1047 877; baseline 0.01 -23"><span class='ocrx_word' id='word_1_24' title='bbox 168 794 263 871; x_wconf 83' lang='lat' dir='ltr'><strong>fecto,</strong></span> <span class='ocrx_word' id='word_1_25' title='bbox 276 792 402 859; x_wconf 86' lang='lat' dir='ltr'><strong>tandem</strong></span> <span class='ocrx_word' id='word_1_26' title='bbox 412 795 564 877; x_wconf 85' lang='lat' dir='ltr'><strong>pervenit.</strong></span> <span class='ocrx_word' id='word_1_27' title='bbox 607 795 745 858; x_wconf 80' lang='lat' dir='ltr'><strong>Canadae</strong></span> <span class='ocrx_word' id='word_1_28' title='bbox 755 798 862 861; x_wconf 76' lang='lat' dir='ltr'><strong>incola</strong></span> <span class='ocrx_word' id='word_1_29' title='bbox 873 798 1047 863; x_wconf 85' lang='lat' dir='ltr'><strong>exercitum</strong></span> 
     </span>
     <span class='ocr_line' id='line_1_6' title="bbox 169 906 1048 997; baseline 0.01 -29"><span class='ocrx_word' id='word_1_30' title='bbox 169 926 212 968; x_wconf 82' lang='lat' dir='ltr'><strong>ex</strong></span> <span class='ocrx_word' id='word_1_31' title='bbox 226 917 324 970; x_wconf 79' lang='lat' dir='ltr'><strong>vastae</strong></span> <span class='ocrx_word' id='word_1_32' title='bbox 339 907 458 990; x_wconf 82' lang='lat' dir='ltr'><strong>gremio</strong></span> <span class='ocrx_word' id='word_1_33' title='bbox 473 906 651 970; x_wconf 83' lang='lat' dir='ltr'>solitudinis</span> <span class='ocrx_word' id='word_1_34' title='bbox 668 928 825 992; x_wconf 84' lang='lat' dir='ltr'><strong>emergere</strong></span> <span class='ocrx_word' id='word_1_35' title='bbox 837 911 930 976; x_wconf 73' lang='lat' dir='ltr'><strong>valde</strong></span> <span class='ocrx_word' id='word_1_36' title='bbox 942 924 1048 997; x_wconf 87' lang='lat' dir='ltr'><strong>stupe·</strong></span> 
     </span>
     <span class='ocr_line' id='line_1_7' title="bbox 166 1017 1046 1105; baseline 0.009 -25"><span class='ocrx_word' id='word_1_37' title='bbox 166 1017 244 1080; x_wconf 92' lang='lat' dir='ltr'><strong>bant</strong></span> <span class='ocrx_word' id='word_1_38' title='bbox 255 1040 264 1096; x_wconf 91' lang='lat'>;</span> <span class='ocrx_word' id='word_1_39' title='bbox 292 1017 403 1082; x_wconf 75' lang='lat' dir='ltr'><strong>eddam</strong></span> <span class='ocrx_word' id='word_1_40' title='bbox 427 1040 502 1083; x_wconf 92' lang='lat' dir='ltr'><strong>cum</strong></span> <span class='ocrx_word' id='word_1_41' title='bbox 523 1020 735 1098; x_wconf 80' lang='lat' dir='ltr'><strong>humanitate,</strong></span> <span class='ocrx_word' id='word_1_42' title='bbox 758 1026 821 1105; x_wconf 71' lang='lat' dir='ltr'><strong>qud</strong></span> <span class='ocrx_word' id='word_1_43' title='bbox 842 1023 1046 1088; x_wconf 82' lang='lat' dir='ltr'><strong>Americanos</strong></span> 
     </span>
     <span class='ocr_line' id='line_1_8' title="bbox 167 1130 1045 1218; baseline 0.005 -26"><span class='ocrx_word' id='word_1_44' title='bbox 167 1130 300 1215; x_wconf 87' lang='lat' dir='ltr'><strong>reliquos</strong></span> <span class='ocrx_word' id='word_1_45' title='bbox 317 1142 539 1210; x_wconf 79' lang='lat' dir='ltr'><strong>tractaverant,</strong></span> <span class='ocrx_word' id='word_1_46' title='bbox 556 1131 697 1196; x_wconf 83' lang='lat' dir='ltr'><strong>advenas</strong></span> <span class='ocrx_word' id='word_1_47' title='bbox 711 1134 853 1218; x_wconf 87' lang='lat' dir='ltr'><strong>excipere</strong></span> <span class='ocrx_word' id='word_1_48' title='bbox 868 1135 1045 1213; x_wconf 88' lang='lat' dir='ltr'><strong>instituunt,</strong></span> 
     </span>
     <span class='ocr_line' id='line_1_9' title="bbox 166 1242 1047 1332; baseline 0.007 -27"><span class='ocrx_word' id='word_1_49' title='bbox 166 1242 388 1328; x_wconf 84' lang='lat' dir='ltr'><strong>famelicosque</strong></span> <span class='ocrx_word' id='word_1_50' title='bbox 399 1245 515 1309; x_wconf 92' lang='lat' dir='ltr'><strong>milites</strong></span> <span class='ocrx_word' id='word_1_51' title='bbox 525 1247 670 1310; x_wconf 87' lang='lat' dir='ltr'><strong>omnibus</strong></span> <span class='ocrx_word' id='word_1_52' title='bbox 681 1247 774 1310; x_wconf 88' lang='lat' dir='ltr'><strong>rebus</strong></span> <span class='ocrx_word' id='word_1_53' title='bbox 785 1248 963 1311; x_wconf 87' lang='lat' dir='ltr'><strong>necessariis</strong></span> <span class='ocrx_word' id='word_1_54' title='bbox 973 1269 1047 1332; x_wconf 86' lang='lat' dir='ltr'><strong>sup-</strong></span> 
     </span>
     <span class='ocr_line' id='line_1_10' title="bbox 166 1355 359 1440; baseline 0.01 -21"><span class='ocrx_word' id='word_1_55' title='bbox 166 1355 359 1440; x_wconf 87' lang='lat' dir='ltr'><strong>peditabant.</strong></span> 
     </span>
     <span class='ocr_line' id='line_1_11' title="bbox 175 1469 1048 1557; baseline 0.006 -28"><span class='ocrx_word' id='word_1_56' title='bbox 175 1525 177 1529; x_wconf 81' lang='grc'>,</span> <span class='ocrx_word' id='word_1_57' title='bbox 232 1469 402 1534; x_wconf 84' lang='lat' dir='ltr'><strong>Arnoldius</strong></span> <span class='ocrx_word' id='word_1_58' title='bbox 438 1470 685 1535; x_wconf 83' lang='lat' dir='ltr'><strong>declarationem</strong></span> <span class='ocrx_word' id='word_1_59' title='bbox 721 1493 778 1536; x_wconf 90' lang='lat' dir='ltr'><strong>seu</strong></span> <span class='ocrx_word' id='word_1_60' title='bbox 814 1472 1048 1557; x_wconf 82' lang='lat' dir='ltr'><strong>expositionem,</strong></span> 
     </span>
     <span class='ocr_line' id='line_1_12' title="bbox 168 1579 1051 1664; baseline 0.003 -22"><span class='ocrx_word' id='word_1_61' title='bbox 168 1579 403 1664; x_wconf 88' lang='lat' dir='ltr'><strong>Washingtonii</strong></span> <span class='ocrx_word' id='word_1_62' title='bbox 417 1582 556 1660; x_wconf 88' lang='lat' dir='ltr'><strong>nomine,</strong></span> <span class='ocrx_word' id='word_1_63' title='bbox 571 1582 687 1661; x_wconf 90' lang='lat' dir='ltr'><strong>edidit;</strong></span> <span class='ocrx_word' id='word_1_64' title='bbox 711 1583 831 1646; x_wconf 86' lang='lat' dir='ltr'><strong>incolas</strong></span> <span class='ocrx_word' id='word_1_65' title='bbox 845 1581 1051 1646; x_wconf 86' lang='lat' dir='ltr'><strong>Canadeuses</strong></span> 
     </span>
     <span class='ocr_line' id='line_1_13' title="bbox 169 1693 1051 1807; baseline 0.003 -52"><span class='ocrx_word' id='word_1_66' title='bbox 169 1713 239 1756; x_wconf 86' lang='lat' dir='ltr'><strong>sese</strong></span> <span class='ocrx_word' id='word_1_67' title='bbox 262 1693 389 1756; x_wconf 92' lang='lat' dir='ltr'><strong>coloniis</strong></span> <span class='ocrx_word' id='word_1_68' title='bbox 411 1694 571 1807; x_wconf 57' lang='lat' dir='ltr'><strong>toederatis</strong></span> <span class='ocrx_word' id='word_1_69' title='bbox 586 1707 622 1757; x_wconf 95' lang='lat' dir='ltr'><strong>ut</strong></span> <span class='ocrx_word' id='word_1_70' title='bbox 637 1696 804 1774; x_wconf 85' lang='lat' dir='ltr'><strong>asciscant,</strong></span> <span class='ocrx_word' id='word_1_71' title='bbox 820 1695 995 1778; x_wconf 88' lang='lat' dir='ltr'><strong>martiaque</strong></span> <span class='ocrx_word' id='word_1_72' title='bbox 1013 1695 1051 1758; x_wconf 92' lang='lat' dir='ltr'><strong>ob</strong></span> 
     </span>
     <span class='ocr_line' id='line_1_14' title="bbox 168 1802 1049 1897; baseline 0.007 -31"><span class='ocrx_word' id='word_1_73' title='bbox 168 1802 347 1868; x_wconf 88' lang='lat' dir='ltr'><strong>libertatem</strong></span> <span class='ocrx_word' id='word_1_74' title='bbox 356 1806 579 1897; x_wconf 86' lang='lat' dir='ltr'><strong>Americanam</strong></span> <span class='ocrx_word' id='word_1_75' title='bbox 593 1808 765 1893; x_wconf 84' lang='lat' dir='ltr'><strong>pugnaudo</strong></span> <span class='ocrx_word' id='word_1_76' title='bbox 778 1807 911 1871; x_wconf 90' lang='lat' dir='ltr'><strong>vulnera</strong></span> <span class='ocrx_word' id='word_1_77' title='bbox 925 1808 1049 1892; x_wconf 88' lang='lat' dir='ltr'><strong>patian-</strong></span> 
     </span>
     <span class='ocr_line' id='line_1_15' title="bbox 168 1915 1047 2005; baseline 0.009 -29"><span class='ocrx_word' id='word_1_78' title='bbox 168 1925 229 1993; x_wconf 88' lang='lat' dir='ltr'><strong>tur,</strong></span> <span class='ocrx_word' id='word_1_79' title='bbox 243 1915 448 1981; x_wconf 89' lang='lat' dir='ltr'><strong>vehementur</strong></span> <span class='ocrx_word' id='word_1_80' title='bbox 462 1919 569 1982; x_wconf 86' lang='lat' dir='ltr'><strong>suasit.</strong></span> <span class='ocrx_word' id='word_1_81' title='bbox 615 1920 758 1985; x_wconf 86' lang='lat' dir='ltr'><strong>Amoldii</strong></span> <span class='ocrx_word' id='word_1_82' title='bbox 774 1931 960 2005; x_wconf 88' lang='lat' dir='ltr'><strong>conspectus</strong></span> <span class='ocrx_word' id='word_1_83' title='bbox 973 1931 1047 1984; x_wconf 86' lang='lat' dir='ltr'><strong>ante</strong></span> 
     </span>
     <span class='ocr_line' id='line_1_16' title="bbox 169 2028 1047 2116; baseline 0.007 -26"><span class='ocrx_word' id='word_1_84' title='bbox 169 2028 298 2103; x_wconf 81' lang='lat' dir='ltr'><strong>Quebec</strong></span> <span class='ocrx_word' id='word_1_85' title='bbox 315 2028 486 2112; x_wconf 88' lang='lat' dir='ltr'><strong>oppidanos</strong></span> <span class='ocrx_word' id='word_1_86' title='bbox 496 2031 588 2096; x_wconf 78' lang='lat' dir='ltr'><strong>valde</strong></span> <span class='ocrx_word' id='word_1_87' title='bbox 604 2033 836 2107; x_wconf 87' lang='lat' dir='ltr'><strong>constemavit;</strong></span> <span class='ocrx_word' id='word_1_88' title='bbox 854 2044 887 2095; x_wconf 92' lang='lat' dir='ltr'><strong>at</strong></span> <span class='ocrx_word' id='word_1_89' title='bbox 898 2033 1047 2116; x_wconf 87' lang='lat' dir='ltr'><strong>quoniam</strong></span> 
     </span>
     <span class='ocr_line' id='line_1_17' title="bbox 167 2141 1048 2227; baseline 0.003 -22"><span class='ocrx_word' id='word_1_90' title='bbox 167 2150 324 2205; x_wconf 85' lang='lat' dir='ltr'><strong>tormenta</strong></span> <span class='ocrx_word' id='word_1_91' title='bbox 344 2141 463 2226; x_wconf 88' lang='lat' dir='ltr'><strong>majora</strong></span> <span class='ocrx_word' id='word_1_92' title='bbox 479 2163 572 2225; x_wconf 86' lang='lat' dir='ltr'><strong>agere</strong></span> <span class='ocrx_word' id='word_1_93' title='bbox 587 2165 761 2227; x_wconf 90' lang='lat' dir='ltr'><strong>secumque</strong></span> <span class='ocrx_word' id='word_1_94' title='bbox 777 2145 884 2209; x_wconf 82' lang='lat' dir='ltr'><strong>afferre</strong></span> <span class='ocrx_word' id='word_1_95' title='bbox 899 2145 1048 2227; x_wconf 88' lang='lat' dir='ltr'><strong>nequive-</strong></span> 
     </span>
     <span class='ocr_line' id='line_1_18' title="bbox 168 2252 1048 2337; baseline 0.005 -21"><span class='ocrx_word' id='word_1_96' title='bbox 168 2264 226 2332; x_wconf 87' lang='lat' dir='ltr'><strong>rat,</strong></span> <span class='ocrx_word' id='word_1_97' title='bbox 241 2254 352 2331; x_wconf 89' lang='lat' dir='ltr'><strong>aditus,</strong></span> <span class='ocrx_word' id='word_1_98' title='bbox 367 2252 420 2337; x_wconf 93' lang='lat' dir='ltr'><strong>qui</strong></span> <span class='ocrx_word' id='word_1_99' title='bbox 444 2254 486 2316; x_wconf 92' lang='lat' dir='ltr'><strong>ad</strong></span> <span class='ocrx_word' id='word_1_100' title='bbox 505 2255 615 2318; x_wconf 88' lang='lat' dir='ltr'><strong>urbem</strong></span> <span class='ocrx_word' id='word_1_101' title='bbox 639 2255 810 2333; x_wconf 91' lang='lat' dir='ltr'><strong>ducebant,</strong></span> <span class='ocrx_word' id='word_1_102' title='bbox 827 2255 1048 2321; x_wconf 80' lang='lat' dir='ltr'><strong>tantummodo</strong></span> 
     </span>
     <span class='ocr_line' id='line_1_19' title="bbox 169 2366 1050 2451; baseline -0.002 -20"><span class='ocrx_word' id='word_1_103' title='bbox 169 2387 333 2451; x_wconf 87' lang='lat' dir='ltr'><strong>occupare,</strong></span> <span class='ocrx_word' id='word_1_104' title='bbox 348 2366 524 2451; x_wconf 92' lang='lat' dir='ltr'><strong>copiasque,</strong></span> <span class='ocrx_word' id='word_1_105' title='bbox 539 2387 617 2448; x_wconf 89' lang='lat' dir='ltr'><strong>quas</strong></span> <span class='ocrx_word' id='word_1_106' title='bbox 632 2367 720 2429; x_wconf 85' lang='lat' dir='ltr'><strong>fortis</strong></span> <span class='ocrx_word' id='word_1_107' title='bbox 738 2367 960 2447; x_wconf 85' lang='lat' dir='ltr'><strong>Montgornery</strong></span> <span class='ocrx_word' id='word_1_108' title='bbox 975 2366 1050 2429; x_wconf 91' lang='lat' dir='ltr'><strong>duc·</strong></span> 
     </span>
     <span class='ocr_line' id='line_1_20' title="bbox 169 2477 639 2560; baseline -0.009 -18"><span class='ocrx_word' id='word_1_109' title='bbox 169 2479 269 2554; x_wconf 89' lang='lat' dir='ltr'><strong>tabat,</strong></span> <span class='ocrx_word' id='word_1_110' title='bbox 285 2487 450 2560; x_wconf 86' lang='lat' dir='ltr'><strong>expectare</strong></span> <span class='ocrx_word' id='word_1_111' title='bbox 466 2477 639 2539; x_wconf 90' lang='lat' dir='ltr'><strong>constituit.</strong></span> 
     </span>
    </p>

    <p class='ocr_par' dir='ltr' id='par_1_4' title="bbox 217 2584 1051 2672">
     <span class='ocr_line' id='line_1_21' title="bbox 217 2584 1051 2672; baseline 0.004 -21"><span class='ocrx_word' id='word_1_112' title='bbox 217 2586 400 2672; x_wconf 84' lang='lat' dir='ltr'><strong>Imperatori</strong></span> <span class='ocrx_word' id='word_1_113' title='bbox 421 2585 467 2648; x_wconf 94' lang='lat' dir='ltr'><strong>illi</strong></span> <span class='ocrx_word' id='word_1_114' title='bbox 483 2586 590 2648; x_wconf 90' lang='lat' dir='ltr'><strong>multis</strong></span> <span class='ocrx_word' id='word_1_115' title='bbox 612 2606 688 2648; x_wconf 91' lang='lat' dir='ltr'><strong>cum</strong></span> <span class='ocrx_word' id='word_1_116' title='bbox 704 2584 937 2652; x_wconf 87' lang='lat' dir='ltr'><strong>difficultatibus</strong></span> <span class='ocrx_word' id='word_1_117' title='bbox 958 2588 1051 2654; x_wconf 88' lang='lat' dir='ltr'><strong>simul</strong></span> 
     </span>
    </p>
   </div>
   <div class='ocr_carea' id='block_1_4' title="bbox 169 2697 1050 3462">
    <p class='ocr_par' dir='ltr' id='par_1_5' title="bbox 169 2697 1050 3462">
     <span class='ocr_line' id='line_1_22' title="bbox 172 2697 1049 2783; baseline 0.003 -19"><span class='ocrx_word' id='word_1_118' title='bbox 172 2711 240 2765; x_wconf 88' lang='lat' dir='ltr'><strong>erat</strong></span> <span class='ocrx_word' id='word_1_119' title='bbox 260 2697 506 2782; x_wconf 86' lang='lat' dir='ltr'><strong>confligendum,</strong></span> <span class='ocrx_word' id='word_1_120' title='bbox 522 2718 656 2781; x_wconf 91' lang='lat' dir='ltr'><strong>quarum</strong></span> <span class='ocrx_word' id='word_1_121' title='bbox 675 2698 830 2783; x_wconf 84' lang='lat' dir='ltr'><strong>praecipua</strong></span> <span class='ocrx_word' id='word_1_122' title='bbox 843 2712 910 2764; x_wconf 91' lang='lat' dir='ltr'><strong>erat</strong></span> <span class='ocrx_word' id='word_1_123' title='bbox 931 2704 1049 2767; x_wconf 83' lang='lat' dir='ltr'><strong>exerci-</strong></span> 
     </span>
     <span class='ocr_line' id='line_1_23' title="bbox 173 2811 1049 2901; baseline 0.006 -25"><span class='ocrx_word' id='word_1_124' title='bbox 173 2819 224 2879; x_wconf 82' lang='lat' dir='ltr'><strong>tiis</strong></span> <span class='ocrx_word' id='word_1_125' title='bbox 250 2813 389 2891; x_wconf 89' lang='lat' dir='ltr'><strong>licentia,</strong></span> <span class='ocrx_word' id='word_1_126' title='bbox 411 2812 466 2897; x_wconf 94' lang='lat' dir='ltr'><strong>qui</strong></span> <span class='ocrx_word' id='word_1_127' title='bbox 496 2832 538 2874; x_wconf 88' lang='lat' dir='ltr'><strong>ex</strong></span> <span class='ocrx_word' id='word_1_128' title='bbox 567 2811 755 2890; x_wconf 91' lang='lat' dir='ltr'><strong>hominibus,</strong></span> <span class='ocrx_word' id='word_1_129' title='bbox 779 2812 895 2877; x_wconf 91' lang='lat' dir='ltr'><strong>nullius</strong></span> <span class='ocrx_word' id='word_1_130' title='bbox 920 2814 1049 2901; x_wconf 91' lang='lat' dir='ltr'><strong>imperio</strong></span> 
     </span>
     <span class='ocr_line' id='line_1_24' title="bbox 171 2924 1049 3012; baseline 0.001 -22"><span class='ocrx_word' id='word_1_131' title='bbox 171 2927 384 3012; x_wconf 90' lang='lat' dir='ltr'><strong>obtemperare</strong></span> <span class='ocrx_word' id='word_1_132' title='bbox 408 2924 552 3002; x_wconf 87' lang='lat' dir='ltr'><strong>assuetis,</strong></span> <span class='ocrx_word' id='word_1_133' title='bbox 567 2935 599 2987; x_wconf 90' lang='lat' dir='ltr'><strong>et</strong></span> <span class='ocrx_word' id='word_1_134' title='bbox 620 2925 642 2990; x_wconf 74' lang='lat' dir='ltr'><strong>a</strong></span> <span class='ocrx_word' id='word_1_135' title='bbox 664 2924 827 3008; x_wconf 69' lang='lat' dir='ltr'><strong>disciplina</strong></span> <span class='ocrx_word' id='word_1_136' title='bbox 846 2926 973 2990; x_wconf 90' lang='lat' dir='ltr'><strong>militari</strong></span> <span class='ocrx_word' id='word_1_137' title='bbox 995 2930 1049 2991; x_wconf 86' lang='lat' dir='ltr'><strong>ab·</strong></span> 
     </span>
     <span class='ocr_line' id='line_1_25' title="bbox 172 3037 1048 3122; baseline -0.003 -18"><span class='ocrx_word' id='word_1_138' title='bbox 172 3039 392 3115; x_wconf 88' lang='lat' dir='ltr'><strong>horrentibus,¹</strong></span> <span class='ocrx_word' id='word_1_139' title='bbox 423 3037 586 3100; x_wconf 89' lang='lat' dir='ltr'><strong>conflatus.</strong></span> <span class='ocrx_word' id='word_1_140' title='bbox 638 3037 804 3101; x_wconf 81' lang='lat' dir='ltr'><strong>Summam</strong></span> <span class='ocrx_word' id='word_1_141' title='bbox 838 3038 1048 3122; x_wconf 81' lang='lat' dir='ltr'><strong>vigilantiam,</strong></span> 
     </span>
     <span class='ocr_line' id='line_1_26' title="bbox 172 3149 1048 3235; baseline -0.003 -19"><span class='ocrx_word' id='word_1_142' title='bbox 172 3153 366 3228; x_wconf 90' lang='lat' dir='ltr'><strong>comitatem,</strong></span> <span class='ocrx_word' id='word_1_143' title='bbox 388 3150 641 3235; x_wconf 83' lang='lat' dir='ltr'><strong>facundiamque,</strong></span> <span class='ocrx_word' id='word_1_144' title='bbox 654 3149 770 3215; x_wconf 90' lang='lat' dir='ltr'><strong>milites</strong></span> <span class='ocrx_word' id='word_1_145' title='bbox 787 3171 938 3229; x_wconf 92' lang='lat' dir='ltr'><strong>coercere,</strong></span> <span class='ocrx_word' id='word_1_146' title='bbox 954 3162 986 3213; x_wconf 93' lang='lat' dir='ltr'><strong>et</strong></span> <span class='ocrx_word' id='word_1_147' title='bbox 1008 3149 1048 3214; x_wconf 91' lang='lat' dir='ltr'><strong>ad</strong></span> 
     </span>
     <span class='ocr_line' id='line_1_27' title="bbox 169 3262 1050 3350; baseline -0.003 -23"><span class='ocrx_word' id='word_1_148' title='bbox 169 3266 293 3350; x_wconf 88' lang='lat' dir='ltr'><strong>justam</strong></span> <span class='ocrx_word' id='word_1_149' title='bbox 303 3263 497 3348; x_wconf 89' lang='lat' dir='ltr'><strong>disciplinam</strong></span> <span class='ocrx_word' id='word_1_150' title='bbox 507 3283 659 3341; x_wconf 85' lang='lat' dir='ltr'><strong>revocare,</strong></span> <span class='ocrx_word' id='word_1_151' title='bbox 669 3262 855 3348; x_wconf 88' lang='lat' dir='ltr'><strong>postulabat.</strong></span> <span class='ocrx_word' id='word_1_152' title='bbox 890 3262 1050 3344; x_wconf 81' lang='lat' dir='ltr'><strong>Magnan-</strong></span> 
     </span>
     <span class='ocr_line' id='line_1_28' title="bbox 172 3372 1050 3462; baseline -0.005 -22"><span class='ocrx_word' id='word_1_153' title='bbox 172 3377 290 3454; x_wconf 88' lang='lat' dir='ltr'><strong>imitas,</strong></span> <span class='ocrx_word' id='word_1_154' title='bbox 306 3387 423 3455; x_wconf 89' lang='lat' dir='ltr'><strong>tamen,</strong></span> <span class='ocrx_word' id='word_1_155' title='bbox 439 3387 470 3439; x_wconf 92' lang='lat' dir='ltr'><strong>et</strong></span> <span class='ocrx_word' id='word_1_156' title='bbox 491 3376 656 3462; x_wconf 89' lang='lat' dir='ltr'><strong>prudentia</strong></span> <span class='ocrx_word' id='word_1_157' title='bbox 679 3374 900 3459; x_wconf 87' lang='lat' dir='ltr'><strong>Montgomerii</strong></span> <span class='ocrx_word' id='word_1_158' title='bbox 917 3372 1050 3436; x_wconf 88' lang='lat' dir='ltr'><strong>tandem</strong></span> 
     </span>
    </p>
   </div>
   <div class='ocr_carea' id='block_1_5' title="bbox 269 3588 953 3656">
    <p class='ocr_par' dir='ltr' id='par_1_6' title="bbox 269 3588 953 3656">
     <span class='ocr_line' id='line_1_29' title="bbox 269 3588 953 3656; baseline -0.007 -12"><span class='ocrx_word' id='word_1_159' title='bbox 269 3594 475 3646; x_wconf 62' lang='lat' dir='ltr'><strong>antunnacum.</strong></span> <span class='ocrx_word' id='word_1_160' title='bbox 506 3594 621 3645; x_wconf 82' lang='lat' dir='ltr'><strong>“Aversa</strong></span> <span class='ocrx_word' id='word_1_161' title='bbox 631 3592 692 3644; x_wconf 83' lang='lat' dir='ltr'><strong>from</strong></span> <span class='ocrx_word' id='word_1_162' title='bbox 700 3591 803 3656; x_wconf 79' lang='lat' dir='ltr'><strong>military</strong></span> <span class='ocrx_word' id='word_1_163' title='bbox 809 3588 953 3656; x_wconf 78' lang='lat' dir='ltr'><strong>discipline.’¹</strong></span> 
     </span>
    </p>
   </div>
   <div class='ocr_carea' id='block_1_6' title="bbox 0 0 1227 4530">
    <p class='ocr_par' dir='ltr' id='par_1_7' title="bbox 0 0 1227 4530">
     <span class='ocr_line' id='line_1_30' title="bbox 0 0 1227 4530; baseline 0 0"><span class='ocrx_word' id='word_1_164' title='bbox 0 0 1227 4530; x_wconf 95' lang='lat' dir='ltr'><strong> </strong></span> 
     </span>
    </p>
   </div>
  </div>
 </body>
</html>
