2444 4530
172 358 231 422 101
426 368 679 418 wssursssortu
702 368 794 415 vrrs:

167 519 222 584 nia
247 517 396 582 obeunda
422 537 491 582 sesa
516 515 665 592 accinxit,
691 533 768 578 cum
794 510 1063 598 Philadelphiam·

166 633 372 699 vacuefacere
391 631 498 714 jussus
520 627 591 691 suit.
640 628 716 703 Qua
737 627 942 703 vacuefacta,
960 627 1057 711 pluri·

166 743 292 827 misque
306 742 428 807 levibus
443 741 561 824 pugnis
571 739 713 805 hostibus
729 738 844 801 attritis
854 739 1054 822 vexatisque,

167 854 343 920 exercitum
366 851 638 935 Washingtonius,
664 851 814 914 Caesarea
838 849 943 928 Nova,
964 849 1056 914 haud

165 964 263 1048 longe
277 967 300 1030 b
314 965 395 1028 mari
410 963 596 1048 aliquandiu
613 964 803 1028 continebat.

213 1077 333 1154 Classis
344 1076 480 1155 Gallica,
491 1076 585 1161 cujus
594 1075 773 1162 expectatio
786 1074 960 1139 Britannos
968 1073 1042 1138 Phil

169 1185 356 1275 adelphiam
381 1191 588 1253 vacuefacere
616 1189 730 1271 coegit,
756 1189 841 1252 serb¹
866 1186 909 1250 ad
932 1186 1055 1250 bellam

167 1299 312 1364 hostibus
323 1300 524 1365 inferendum
538 1300 666 1365 advenit
680 1321 688 1363 :
712 1300 904 1377 Eboracum,
917 1319 1054 1382 quoque,

168 1411 298 1476 Novum
326 1434 519 1498 expugnaro,
545 1423 603 1476 aut
627 1411 758 1476 omuino
784 1410 867 1474 bello
895 1422 1053 1496 appetere,

169 1524 421 1604 incommodum,
437 1536 469 1589 et
487 1528 511 1591 a
534 1546 572 1590 re<
588 1525 686 1609 longe
711 1523 852 1586 alienum
875 1533 925 1586 est
938 1522 1052 1587 visum

140 1677 141 1682 κ
169 1635 224 1702 Ad
245 1638 520 1724 propugnaculum
540 1639 583 1700 ab
597 1636 739 1701 hostibus
754 1634 960 1712 adificatum,
976 1644 1009 1698 et
1023 1634 1056 1698 in

171 1749 284 1814 Insula
310 1749 473 1815 Rhodensi
501 1749 609 1827 situm,
636 1748 767 1813 Gallicis
794 1756 826 1810 et
852 1746 1055 1812 Americanis

171 1860 267 1943 copiis
289 1860 323 1924 in
337 1863 455 1923 unum'
470 1859 601 1939 collatis,
617 1881 801 1946 expugnare
821 1859 923 1923 satius
938 1859 1059 1923 visum*

215 1970 289 2045 Quo
318 1972 497 2049 constituto,
525 1972 723 2051 Sullivanus,
740 1972 814 2037 dux
835 1971 1056 2050 Americanus,

169 2083 226 2167 qui
251 2083 356 2166 copias
370 2082 528 2166 pedestres
543 2083 684 2163 duceret,
700 2064 981 2167 bWashingtonio
1007 2093 1058 2148 est

170 2194 296 2259 missus.
343 2193 442 2259 Cum·
456 2193 588 2279 paulum
602 2195 704 2257 abfuit
718 2196 796 2277 quin
810 2192 950 2258 hostium
964 2214 1060 2279 opera

171 2318 439 2394 expugnarentur,
459 2307 567 2370 classis
589 2307 773 2372 Britannica
795 2307 1059 2392 inconspectum

171 2421 268 2486 venit.
315 2420 505 2503 D’Estaing,
534 2418 646 2485 Gallus
674 2419 795 2497 nobilis,
821 2419 876 2502 qui
904 2417 1056 2483 Ludovici

173 2533 289 2598 decimi
311 2535 392 2599 sexti
414 2533 509 2597 classi
525 2515 666 2618 ‹prafuit
688 2541 725 2595 ut
752 2552 826 2594 cum
848 2530 939 2594 hoste
961 2550 1057 2614 quam

173 2647 311 2730 primum
333 2647 523 2728 confligeret,
539 2666 637 2709 naves
652 2643 768 2722 solvit‚⁴
783 2655 815 2707 et
830 2643 864 2707 in
884 2643 989 2708 altum
1011 2653 1058 2709 est

172 2766 357 2839 provectus:
390 2768 423 2819 at
446 2769 616 2843 tempestas
640 2769 730 2821 tanta
752 2757 857 2822 subito
880 2768 997 2835 coorta,
1021 2767 1058 2821 ut

174 2849 309 2928 classem
333 2866 464 2931 alteram
480 2869 659 2934 Eboracum
674 2871 812 2948 Novum,
828 2870 961 2932 alteram
981 2869 1059 2935 Bos·

173 2977 306 3056 toniam,
320 3000 387 3042 sese
398 2981 544 3067 recipere,
552 2984 685 3047 navium
695 2981 935 3047 reficiendarum
946 2984 1057 3060 causa,

175 3092 323 3174 coegerit.

220 3203 306 3270 Cum
328 3204 444 3269 classes
460 3205 561 3268 amba
576 3208 596 3272 e
612 3218 782 3292 conspectu
799 3208 868 3291 jam
883 3203 1010 3282 ablata,
1026 3213 1060 3267 et

176 3319 210 3384 in
224 3316 325 3386 altum
339 3318 446 3402 procul
461 3318 483 3384 a
497 3328 580 3381 terra
594 3314 745 3404 provecta
760 3320 905 3397 fuissent,
921 3316 1060 3381 Sulliva·

197 3453 215 3489 ‘¹
234 3447 296 3508 sert,
306 3452 356 3510 bc,
367 3450 382 3478 “
389 3448 479 3498 arrived
489 3455 529 3499 too
537 3450 586 3499 lata
596 3456 621 3499 to
631 3456 708 3501 acton
718 3450 758 3498 the
768 3450 905 3500 offensive.”

206 3531 218 3568 Ω
236 3523 313 3573 Unum
325 3525 423 3587 (scilicet
432 3526 521 3590 locum)
534 3525 629 3593 “being
638 3525 728 3588 united,
738 3542 765 3576 or
774 3526 921 3578 combinent
951 3566 953 3572 ,

207 3608 220 3644 ⁸
236 3601 303 3663 Cum,
319 3605 361 3664 tic.
388 3606 404 3633 “
411 3603 496 3654 When
506 3603 546 3652 the
555 3605 667 3654 enemios’
677 3603 758 3653 works
768 3619 831 3654 were
841 3603 925 3669 nearly
934 3599 1062 3653 aarum

210 3685 223 3728 t
237 3679 316 3730 Novo
326 3680 398 3746 solvit,
408 3683 467 3732 “set
475 3679 528 3738 sul.
538 3680 587 3731 end
597 3682 665 3734 stood
674 3687 717 3733 out
725 3687 751 3732 to
762 3685 826 3732 κου’
