2444 4530
393 403 641 450 wrsnrnorortrr
663 402 752 448 vrri.
970 382 1011 443 ts

182 552 220 617 ln
240 550 301 614 hoc
324 548 435 633 praelio,
451 569 504 633 pro
518 566 648 611 numero
671 543 893 631 pugnantium,
910 541 1013 605 credes

136 665 236 748 major
259 663 403 744 utrinque
424 663 519 737 facta,
542 680 639 743 quam
660 659 694 722 in
715 659 785 722 ulla
804 657 869 720 alia
890 659 1012 741 pugna,

138 797 208 858 quae
225 776 318 839 totius
332 773 405 836 belii
424 773 525 857 spatio
545 773 665 855 obtigit.
709 771 762 835 Ex
784 780 871 854 parte
887 769 1013 832 Britan·

135 906 259 964 norum,
275 886 361 948 mille
376 885 520 949 homines
536 884 711 962 cadebant;
737 882 901 965 quingenti
916 881 1013 963 insig-

135 1019 191 1060 nes
213 998 269 1061 viri
292 997 332 1061 de
354 1013 486 1060 numero
509 996 777 1072 Americanomm,
793 1017 830 1058 oo
852 994 911 1073 die,
926 994 1012 1057 luce¹

136 1110 305 1188 carebant3
329 1110 363 1173 in
377 1109 428 1172 his
440 1110 502 1172 fuit
516 1109 710 1187 Warreniua
724 1107 865 1171 medicus
887 1105 1014 1192 praecla·

135 1241 198 1298 rus,
214 1232 316 1284 orator
337 1221 482 1298 disertus,
499 1221 546 1283 vir
568 1220 676 1305 patriae
699 1220 942 1296 amantissimus,
958 1217 1013 1301 qui

136 1332 219 1396 cives
240 1354 320 1423 suos
336 1333 370 1395 in
389 1332 570 1416 Anglorum
595 1331 840 1396 dominationem
862 1332 1014 1416 injustam

136 1443 308 1507 accendere
323 1443 414 1507 haud
429 1443 558 1507 destitit.
605 1444 677 1507 Hoc
693 1444 796 1528 praelio
810 1447 904 1521 facto,
919 1444 1015 1526 copisa

139 1555 298 1621 colonicae
322 1555 562 1643 propugnacula
576 1575 789 1639 aggeremque
804 1555 872 1618 loco
894 1553 1017 1616 excelso

139 1677 248 1738 contra
272 1665 479 1751 Carolopolim
501 1669 602 1732 fecere
614 1689 623 1746 ς
653 1667 797 1750 agilitate
821 1665 1017 1748 audacidque

139 1779 278 1842 hostium
296 1778 615 1864 animos-perculsam,
632 1778 671 1844 ed
687 1780 802 1862 magis,
820 1777 915 1861 quod,
932 1789 1017 1842 vete-

136 1893 206 1962 rani
228 1880 378 1966 Britanni
392 1913 484 1956 suam
505 1892 648 1956 laudem⁸
672 1893 885 1974 virtutemque
905 1890 1015 1977 pradi-

135 2018 254 2085 cantes,
267 2008 413 2070 militiam
432 2008 656 2091 provincialem
670 2028 712 2070 ex
727 2007 833 2070 animo
856 2006 1015 2092 despicere

135 2119 282 2182 solebant.
328 2117 513 2183 Presidium
533 2119 745 2197 Bostoniense‚
763 2119 804 2183 ad
824 2119 934 2183 inedia
958 2140 1015 2183 ex·

136 2241 281 2306 tremum,
293 2230 361 2314 jam
376 2229 529 2293 diuturna
543 2230 702 2293 obsidione
718 2230 901 2294 deductum.

166 2433 175 2466 ¹
191 2427 262 2474 Lace.
293 2423 395 2485 “Lito‘’
411 2423 479 2472 lasis
489 2422 702 2488 tieqnendynsed,
711 2422 867 2488 figuratively,
876 2422 911 2471 ior
924 2423 970 2486 life,
980 2441 1017 2474 w

137 2501 238 2566 peciolly
248 2515 338 2562 among
346 2499 467 2562 thepoets.

169 2586 181 2620 r
196 2577 305 2624 Laudem.
337 2573 554 2636 “Commendable,
565 2589 592 2624 or
605 2573 775 2641 praiseworthy
785 2573 904 2639 aetiam?
919 2575 953 2629 for
967 2577 1019 2627 lm

139 2669 224 2703 means
234 2648 304 2712 osten,
312 2657 354 2700 not
364 2667 391 2701 so
398 2651 470 2700 much
476 2653 561 2714 γνοίη,
569 2667 596 2700 aa
606 2653 666 2700 these
673 2653 744 2714 decdo,
753 2650 829 2702 which
836 2653 903 2703 merit
912 2653 944 2704 it:
962 2653 1018 2704 thus

139 2730 208 2795 Virg.
239 2732 254 2758 “
261 2731 322 2778 saort
332 2729 443 2777 arramato
453 2743 496 2777 art«
501 2731 598 2793 pomis
605 2729 690 2792 lew
700 2729 800 2781 “Nabla
808 2729 881 2782 deedr
887 2731 948 2783 have
957 2731 1017 2785 thes

138 2825 195 2863 own
203 2806 314 2870 mwards,
325 2821 386 2858 even
395 2805 472 2856 here.”
