2444 4530
167 350 233 415 218
517 365 695 414 seesnorx.

166 518 328 602 quemque
339 515 478 580 multum
491 512 648 597 temporis,
662 511 816 574 incorum
829 505 939 573 studio
949 524 1048 592 prose·

166 628 304 713 quondo,
319 627 497 692 necessario
519 622 748 689 insumendum
770 620 820 699 sit,
839 631 881 699 et,
906 618 1048 702 denique,

165 744 265 825 qudm
280 741 373 826 pauci
386 739 425 804 de
439 739 624 822 linguarum
640 755 752 800 corum
764 733 968 813 doctoribus,¹
980 731 1050 795 vere

167 852 282 917 eruditi
297 863 328 916 et
343 851 488 916 doctrind
503 849 623 915 exculti
637 848 711 926 sint,
727 848 811 912 certe
828 845 973 930 scriptori
988 842 1051 908 cul·

105 949 109 957 ’
167 983 254 1048 pem,
270 963 296 1025 si
310 984 374 1046 quo
396 963 446 1043 sit,
460 962 636 1029 condonare
652 972 684 1025 et
697 960 859 1044 ignoscere
874 956 966 1021 houd
986 977 1053 1041 gro·

167 1074 335 1141 rabuntur.

212 1188 436 1253 Amerioenos¹
458 1188 579 1272 ingenii
608 1185 729 1252 offatim
758 1183 801 1250 od
826 1182 975 1269 quemvis
996 1180 1054 1246 lin·

169 1321 272 1385 guent
286 1324 344 1375 seu
359 1302 525 1367 scientiam
537 1301 654 1386 optime
671 1297 915 1382 intelligendam
929 1294 1053 1374 hebere,

170 1414 281 1497 negari
302 1417 422 1499 nequit.
469 1416 634 1492 Attamen,
660 1414 714 1498 qui
737 1413 868 1496 linguas
894 1431 951 1474 ees
972 1410 1055 1474 recte

171 1524 317 1605 doceant,
332 1530 398 1594 fere
413 1529 528 1613 ubique
541 1529 610 1614 jem
626 1528 742 1598 desunt
753 1530 778 1606 ;⁸
804 1546 863 1589 nec
883 1522 1056 1609 gymnasiis

171 1638 298 1724 quidem
313 1638 436 1718 nostris,
449 1653 505 1704 aut
520 1640 672 1725 collegiis,
685 1640 743 1704 viri
754 1659 877 1723 semper
892 1637 1057 1713 invenien-

172 1762 233 1831 tur,
249 1752 304 1835 qui
326 1751 366 1815 de
381 1752 500 1816 Graecis
516 1764 549 1815 et
563 1753 718 1818 Romanis
733 1751 831 1815 literis
845 1751 930 1815 bene
954 1746 1057 1815 meriti

172 1864 245 1928 nint.
289 1863 409 1940 Plures,
426 1876 545 1943 eutem,
561 1852 671 1945 annos,
686 1865 815 1948 linguas
830 1885 887 1927 ees
904 1862 983 1927 elios
1005 1860 1059 1927 do·

172 1973 295 2052 condo,⁴
312 1975 477 2058 insumpsi,
493 1975 628 2041 oliorum
643 1978 776 2066 vestigiis
788 1976 918 2042 omnino
933 1974 1058 2055 nitem;

170 2086 208 2151 'et
229 2084 319 2165 mihi,
343 2085 447 2150 multo
468 2085 522 2151 (lid
538 2072 688 2166 volventi,
707 2089 946 2173 doctorumquc⁸
969 2086 1062 2153 insci·

173 2198 254 2263 tiem
275 2219 402 2262 mecum
425 2197 564 2277 miranti,
579 2199 659 2264 sorte
679 2199 783 2264 lubuit
802 2199 975 2279 attendere,
990 2221 1062 2285 qure

174 2312 307 2377 tandem
331 2311 493 2377 infortunii
520 2312 602 2376 tanti
629 2333 727 2376 causo
753 2325 844 2377 esset.
893 2292 1062 2393 Quocirca,

173 2426 254 2511 'quid
276 2447 339 2490 usu
361 2426 535 2505 didicerim,
558 2426 696 2509 quidque
722 2425 855 2491 aliorum
878 2426 918 2491 de
940 2427 1063 2493 ratione

176 2541 335 2619 sentirem,
362 2540 498 2603 breviter
524 2561 692 2624 exponere,
716 2539 848 2603 strictim
877 2552 909 2603 et
936 2539 1065 2624 singulo

176 2673 312 2736 quoeque
333 2653 463 2736 carptim
488 2653 664 2736 attingens,
685 2652 717 2715 in
740 2653 917 2737 praesentid,
941 2674 1065 2718 nosme-

172 2764 273 2846 tipsos
289 2764 505 2846 accingemus.

219 2873 431 2957 linguarum,
448 2877 542 2955 enim,
560 2898 683 2955 eorum,
701 2877 870 2967 dequibus
887 2900 975 2943 nunc
996 2879 1067 2964 egi·

210 3135 219 3169 ¹
235 3127 380 3190 ueneno,
392 3132 442 3190 de,
454 3130 517 3179 “the
526 3131 634 3179 teschers
644 3131 672 3180 ot*
683 3131 752 3181 thom
761 3131 918 3198 lengueges.”

210 3211 222 3248 ¹
236 3205 393 3266 deusdedem,
413 3209 466 3266 dec,
481 3206 521 3255 “it
537 3214 624 3256 cennot
640 3209 670 3256 be
687 3207 781 3270 denied‚
799 3210 851 3259 thot
867 3209 908 3259 the
925 3210 1069 3264 American!

178 3296 276 3368 poeseos
292 3283 388 3388 enpugh
397 3281 426 3332 of
436 3281 529 3349 genius,
539 3290 565 3334 to
580 3280 736 3348 understand,
747 3302 805 3353 very
815 3287 878 3350 well,
888 3304 938 3355 eny
947 3289 1069 3359 lengum

178 3372 331 3497 mm
342 3440 391 3498 te,
404 3435 512 3499 (scilicet,
522 3438 642 3503 lomene)
654 3439 720 3490 “but
729 3448 770 3506 yet
781 3442 856 3506 (men)
872 3457 913 3494 ure
921 3458 979 3495 now
993 3450 1070 3496 mt-

180 3513 230 3580 ing,
240 3513 327 3563 elmost
336 3515 493 3580 everywhere,
501 3514 554 3565 who
563 3531 610 3566 cen
620 3517 690 3567 teech
700 3519 768 3568 those
777 3519 912 3586 lengueges
921 3520 1061 3590 correctiy?

213 3602 224 3637 t
234 3592 348 3653 mendo,
357 3596 399 3653 pe.
409 3593 455 3642 “in
464 3592 575 3659 tescling
582 3595 663 3645 others
672 3596 741 3646 those
750 3596 908 3664 Ιιιιςιιιςθι.η

208 3669 570 3737 contemnemdum?
586 3670 876 3737 immunem.

627 3757 643 3801 8
