2444 4530
429 341 680 386 uisumoroun
704 342 791 388 uri.
991 325 1053 391 109

170 487 253 552 citos
277 485 384 549 alendi
401 488 511 567 bousb
527 482 731 566 magistratus
752 506 888 568 poscere,
914 489 1055 552 necessi..

169 609 238 661 tote
253 608 431 682 temporum
445 596 523 674 dira,
538 616 618 680 srepe
634 607 770 659 coactus.
806 597 910 677 Alios,
924 601 1056 664 ciborio·

169 731 245 772 rum
270 711 387 794 inopia,
403 708 582 793 manipulos
603 708 743 771 diversos
766 709 798 772 in
821 711 965 792 regiones
985 714 1056 794 qui⁸

169 822 293 886 victum
316 818 525 884 necessarium
540 818 572 883 vi
586 831 619 883 et
641 821 736 884 armis
755 833 914 906 perorent,
929 825 1055 888 mittere

170 935 364 1016 cogebatur.-

211 1046 410 1110 Subsidium⁸
424 1045 522 1109 hocce
545 1045 679 1109 tandem
702 1066 826 1130 quoque
849 1047 979 1128 defecit;
1002 1069 1053 1112 ro-

169 1159 288 1242 giones‚
304 1159 403 1237 enim,
420 1159 574 1222 exercitui
589 1159 748 1243 proximu,
763 1160 884 1223 victum
899 1161 1053 1225 militibus

169 1264 569 1334 necessariumministrere
577 1272 702 1355 prorsds
710 1273 919 1354 abnegarunt.
943 1275 1052 1352 Multi,

168 1385 262 1462 enim,
276 1385 378 1447 coloni
389 1384 584 1461 Americoni,
595 1385 818 1447 Britannorum
833 1386 1053 1469 sociorumque

168 1497 290 1560 saevitib
304 1497 446 1573 excitati,
462 1507 495 1558 et
508 1496 743 1578 Woshingtonii
758 1498 907 1580 comitate
923 1509 955 1560 et
975 1497 1056 1561 leni-¹

168 1618 238 1670 tote
261 1609 346 1693 capti
361 1609 537 1690 ellectique,
553 1609 660 1671 omnio
675 1610 718 1673 od
735 1609 861 1673 victum
876 1608 1056 1673 necessario

168 1718 266 1783 ultrb⁴
283 1720 407 1784 dedere.
454 1720 704 1804 Washingtoni0‚
721 1722 828 1804 igitur,
845 1741 945 1804 quem
966 1732 1056 1784 onte·

168 1830 230 1896 huo
254 1842 391 1895 tutorem
407 1831 664 1917 defensoremque
686 1835 865 1919 populares⁸
881 1833 1052 1912 duxerunt,

168 1956 226 2007 out
248 1946 423 2008 exercitum
436 1928 635 2024 dimittendi,
651 1957 708 2009 aut
720 1947 753 2010 vi
767 1958 799 2010 et
814 1947 912 2009 armis
935 1946 1052 2010 ciboria

167 2056 307 2141 parandi,
324 2059 494 2120 necessitas
508 2058 576 2122 dira
596 2059 820 2144 imponebatur.
867 2059 1051 2124 Exercitus·

167 2189 241 2233 eum
256 2171 381 2249 ciborio,
396 2172 481 2235 cives
495 2172 879 2256 libertatis-bonorumque
894 2173 1052 2237 defensio·

166 2301 240 2346 nem
254 2288 433 2368 poposcere.

209 2396 377 2460 Exercitds
398 2396 687 2459 necessitudinibus
708 2395 887 2472 subvenire,
904 2395 1053 2476 civesque

165 2507 284 2591 injuria
306 2528 371 2570 non
386 2509 521 2584 efficere,
536 2508 571 2569 in
593 2506 700 2590 primis
724 2505 861 2568 arduum
876 2504 1052 2568 videbatur.

166 2620 389 2704 Disciplinam,
404 2625 504 2704 porro,
519 2619 691 2682 militarem
714 2617 801 2702 apud
816 2617 1001 2695 exercitum,
1016 2617 1054 2680 li·

197 2827 207 2861 ¹
223 2820 385 2880 Magistrum,
398 2820 449 2878 tro,
460 2819 505 2864 “to
515 2814 627 2876 demand,
638 2830 664 2864 or
673 2814 718 2863 call
728 2829 793 2879 upon
804 2814 843 2863 the
858 2813 1008 2881 magistrates
1016 2813 1053 2866 l'or

167 2895 257 2946 certain
267 2893 408 2959 provisions,
418 2892 454 2942 sor
463 2892 504 2942 the
513 2896 640 2958 purpose,”
650 2893 693 2940 &e

196 2996 209 3033 t
226 2988 281 3050 Qui,
294 2989 336 3050 ds.
348 2984 450 3047 (scilieet
464 2985 587 3050 mutuat)
600 2982 698 3033 “which
715 2981 888 3050 (detocbment)
900 2982 985 3033 should
998 2999 1051 3049 pro·

168 3069 247 3115 eura„
777 3116 779 3121 ἲ

197 3166 209 3201 s
226 3157 365 3216 Subsidium,
377 3158 507 3216 “sucoso”
516 3153 567 3204 dut
581 3150 661 3215 is,tbe
677 3152 747 3203 mode
756 3151 785 3202 of
795 3150 923 3218 procuring
937 3150 1052 3217 supplies,

168 3233 309 3300 by‘mulsing
318 3232 415 3282 soroibls
424 3230 576 3296 requisitione
585 3247 617 3280 on
627 3231 666 3280 the
675 3229 779 3280 citizens

198 3334 210 3370 t
228 3326 300 3386 Ultro,
311 3328 327 3353 ‘⁸
333 3323 362 3374 os
370 3322 430 3372 their
439 3338 495 3372 own
504 3321 613 3385 sceord,”
623 3320 827 3388 spontaneously3
845 3321 898 3371 thot
911 3319 942 3383 is,
952 3317 1054 3369 without

169 3419 217 3470 any
226 3403 382 3468 compulsion,
394 3417 421 3450 or
430 3401 547 3450 restraint.
949 3436 954 3447 .

197 3504 209 3540 s
224 3496 356 3559 Populares,
366 3492 424 3541 “his
434 3495 614 3557 countrymon.”

197 3596 209 3630 ⁸
223 3582 651 3647 uwuu,ec.,“nearmycc110d
667 3598 733 3647 upon
748 3580 799 3630 him
813 3579 850 3631 for
864 3577 1003 3645 provisions,
1011 3574 1052 3626 tire

169 3664 265 3718 citizens
273 3662 309 3714 for
318 3662 359 3714 the
368 3660 497 3726 protestion
506 3659 535 3710 os
545 3657 607 3711 meir
615 3659 699 3725 liberty
708 3657 757 3709 end
767 3661 900 3723 property.”

615 3744 632 3788 d
