2444 4530
425 390 677 437 wrenrucrortn
699 392 788 439 rrrr.
989 370 1052 436 ltu

166 536 228 598 etei
246 536 465 619 praefectorum
486 556 618 599 auorum
641 536 772 618 imperio
794 554 902 618 parere
924 540 1050 597 recuso·¹

166 647 255 724 hant,
279 647 425 709 hostium'
442 656 551 710 umen
576 657 708 709 conatus
731 645 985 729 conditionesque
1010 646 1052 710 ab

167 759 213 821 eis
228 759 286 821 sibi
299 758 418 821 oblatas
432 759 538 821 atatim
554 760 755 844 respuebant.

212 870 261 934 De
277 871 326 934 his
341 871 492 934 militibus
514 870 868 954 Pennsylvaniensibus,
885 871 989 954 deque
1009 875 1051 937 eh

166 981 318 1045 seditione
334 984 410 1046 eatis
426 983 497 1068 jam
511 983 636 1047 dictum
650 995 746 1068 puto:
765 1006 852 1048 nunc
869 984 1001 1063 adrem,
1016 995 1050 1048 et

165 1093 263 1157 heroa
275 1106 416 1159 nostrum
427 1107 630 1161 revertamur.
664 1098 749 1160 Cum
763 1097 868 1160 hostes
883 1096 971 1161 haud
982 1117 1050 1181 pro-

167 1200 219 1270 cul
244 1228 265 1270 a
278 1208 515 1291 Washingtonii
530 1208 607 1274 ville
631 1209 807 1292 fundoque¹
821 1210 942 1273 bellum
962 1230 1051 1293 gere-

166 1331 245 1397 rent,
269 1319 312 1383 ed
339 1332 481 1384 montem
502 1322 697 1385 vernonium
729 1323 843 1386 militea
872 1321 1051 1398 nonnullae,

167 1432 222 1514 qui
237 1433 376 1496 recentia
390 1434 510 1496 cibaria
530 1443 651 1517 petant,
667 1445 889 1518 exposuerunt.
935 1433 1054 1498 Multo-

170 1563 253 1621 rum,
264 1546 320 1626 qui
333 1556 430 1608 antea
440 1545 599 1629 postulata
609 1545 751 1610 hoetium
762 1546 842 1609 talia
853 1542 1057 1609 concedende

171 1635 239 1717 non'
248 1657 412 1739 putabant,
423 1656 556 1720 aedificia
565 1659 795 1722 cremabantur.
830 1658 920 1722 Idne
931 1657 1056 1722 malum

173 1767 340 1846 accideret,
351 1769 585 1854 Waehingtcnii
597 1770 721 1857 rillicus
733 1782 765 1834 et
775 1771 971 1856 dispensator
984 1771 1056 1835 hoe·

171 1881 253 1944 tium
267 1882 425 1965 postulate
440 1883 639 1949 concedenda
654 1904 722 1946 esse
737 1885 871 1949 cenauit.
1050 1885 1054 1891 ’

215 1994 322 2069 Quod²
347 2016 422 2058 cum
448 1995 709 2080 Waa'hingtoniue
734 1997 895 2082 comperit,
910 1997 1054 2060 villicrun

169 2126 263 2177 auum
289 2109 425 2190 graviter
446 2108 635 2194 objurgavit,
651 2120 683 2172 et
698 2109 813 2173 dixisse
828 2112 937 2187 fertur,
953 2115 1055 2172 “aeae

171 2216 300 2280 aedificia
313 2237 373 2279 aua
384 2217 493 2281 omnia
505 2217 659 2294 comburi,
672 2219 772 2299 quern
783 2216 940 2280 auxilium
951 2216 1057 2281 ullum

171 2327 210 2392 de
224 2328 336 2392 fundo³
359 2349 417 2391 auo
432 2327 474 2391 ed
487 2328 592 2391 hostes
608 2328 762 2410 asportari
778 2338 837 2389 aut
851 2327 974 2402 deferri,
988 2347 1057 2390 ma·

170 2441 300 2507 luisse.”
344 2440 398 2504 Ad
416 2440 532 2523 priores
546 2459 656 2501 omnes
671 2437 873 2500 difficultates
886 2436 1059 2520 Washing·

172 2552 252 2616 tonii
265 2551 332 2613 haec
348 2571 472 2632 quoque
487 2570 572 2612 nova
588 2549 733 2612 accessit.
944 2553 949 2559 '

219 2663 330 2728 Hocce
340 2683 433 2740 anno,
444 2661 563 2726 bellum
573 2661 726 2727 acerrime
740 2661 775 2727 in
789 2660 940 2729 Caroline
950 2683 1059 2746 gerere

174 2886 211 2937 hia
220 2885 297 2946 effera,
308 2883 357 2933 and
367 2883 471 2949 actually
481 2881 559 2933 aeiaed
569 2883 619 2933 and
628 2883 737 2934 detained
746 2885 787 2935 the
796 2899 895 2950 perenna
904 2892 959 2936 eent
966 2887 999 2952 by
1009 2885 1060 2937 him

174 2971 200 3014 to
209 2963 277 3014 effect
289 2962 337 3011 thie
347 2962 438 3028 objact3
456 2977 525 3012 some
533 2960 561 3011 cf
571 2962 653 3012 whom
661 2978 724 3013 were
738 2963 910 3032 subsequently
920 2963 1016 3030 hanged
1031 2979 1060 3012 aa

175 3057 424 3181 'plffll'llldjimdcpm
435 3119 450 3146 ‘¹
457 3116 495 3166 hia
504 3123 667 3182 country-seat
676 3118 724 3168 and
734 3117 816 3181 farm,”
826 3118 913 3169 aituate
922 3135 954 3168 ou
964 3119 1004 3168 the
1013 3118 1060 3168 Po·

176 3201 262 3258 urnac,
273 3193 321 3245 and
332 3194 408 3244 called
418 3193 510 3250 Mount
518 3193 624 3257 Veruon,
635 3195 660 3245 in
669 3195 744 3247 honor
752 3195 781 3245 ol
792 3196 905 3247 eBrr'tieh
917 3195 1017 3246 adrnirel
1032 3193 1061 3245 ol

177 3270 229 3322 that
238 3288 318 3333 name,
328 3271 404 3327 under
413 3272 493 3322 whom
502 3287 546 3322 our
554 3272 631 3324 hero’a
640 3273 734 3323 brother
743 3273 792 3322 had
802 3273 894 3322 served.

206 3371 219 3410 a
235 3364 309 3424 Quod,
321 3367 371 3425 da,
382 3365 397 3392 “
404 3363 490 3424 which,
503 3363 566 3425 (that
581 3363 609 3426 ia,
619 3364 671 3413 that
679 3364 715 3413 hia
726 3364 829 3413 steward
843 3363 893 3412 had
903 3360 1011 3427 supplied
1021 3362 1062 3413 the

177 3456 264 3505 erremy
273 3439 332 3493 with
340 3439 471 3505 provisions
481 3439 542 3490 from
550 3441 588 3490 hia
598 3448 674 3490 estete
684 3449 710 3490 at
719 3440 811 3489 Mount
820 3439 938 3502 Vernon‚)
950 3440 1021 3488 when
1031 3439 1062 3487 he

195 3516 199 3527 ¹
322 3521 337 3546 il

176 3516 352 3654 mrumst
366 3592 433 3656 sarm,
443 3593 503 3644 with
518 3609 534 3642 a
549 3593 625 3643 honae
640 3592 763 3643 attached:
782 3592 846 3655 thus,
862 3591 968 3654 Horace,
979 3589 1062 3654 “upa

177 3670 406 3736 mlaetsiodta”
418 3672 434 3701 “
441 3672 525 3735 asarta
533 3672 591 3724 oet
599 3687 615 3721 a
623 3671 717 3722 aaut
727 3670 818 3722 how
