2444 4530
165 359 211 425 88
422 374 673 423 wicnurorortu
696 375 790 422 vira*

166 521 294 606 aulaque
308 520 342 585 in
356 521 496 585 tentoriis
509 520 794 605 contubcmiiaquc¹
809 518 899 584 clade
923 519 1044 604 ingenti

167 635 301 712 afficere,
328 634 473 698 miraculi
499 633 693 718 portentiquo
718 633 829 696 inatar¹
856 644 934 710 crat,
961 655 1046 698 aum·

167 767 318 831 mamque
338 746 481 810 lotitiam
503 766 557 831 per
578 745 714 810 colonias
737 765 849 809 omnoa
871 748 891 811 c
913 747 1047 830 vestigio

167 859 331 923 excitavit.

182 1035 185 1048 ,
213 970 404 1055 Imperatori,
419 969 474 1053 qui
489 980 556 1032 tam
570 968 735 1052 insigniter
749 989 867 1033 nomen
885 969 1048 1035 America-

168 1103 249 1147 num
260 1083 374 1146 virtme
386 1082 780 1160 extuleratauccurrcrcat
787 1082 936 1166 opitulari
943 1082 1050 1147 cuncti

168 1195 314 1260 certatim
329 1195 545 1280 properabant.
576 1195 705 1258 Streuui
717 1195 886 1277 gnaviquc‚
900 1196 958 1277 qui
970 1195 1050 1258 mili·

169 1307 249 1370 tiam
271 1317 446 1384 evocarent,
465 1306 499 1369 in
521 1319 623 1391 partas
645 1325 755 1371 omnes
777 1307 885 1369 atatim
906 1306 1049 1373 dimissi:

169 1419 336 1503 multique,
350 1420 404 1503 qui
425 1419 493 1504 jam
517 1417 671 1503 stipendia
692 1421 756 1482 iero
776 1418 897 1481 emeriti
912 1420 1049 1498 fuerant,

170 1533 291 1615 exigua
307 1531 455 1597 conducti
469 1531 624 1610 mercede,
640 1530 728 1616 apud
741 1531 917 1595 exercitum
932 1531 1051 1598 diutius

170 1664 309 1724 manera,
334 1656 366 1709 ct
387 1666 440 1729 pro
462 1644 563 1728 patria
588 1643 761 1727 pugnando
784 1643 917 1706 vulnera
936 1645 1052 1709 martia

169 1757 246 1840 pati,
261 1755 512 1840 haudquaquam
527 1756 740 1838 ambigebant.

216 1867 357 1951 Captivis
378 1869 412 1930 in
434 1867 612 1931 custodiam
634 1868 765 1946 traditis,
789 1866 1052 1952 Waahingtoniua

170 1975 276 2042 denuo
301 1979 420 2041 fluenta
444 1977 609 2042 Delaworo
624 1979 755 2063 trajecit,
771 1980 1052 2066 Trcntoniamqua,

171 2088 382 2173 municipium
404 2089 439 2153 iu
459 2089 553 2154 Nova
576 2090 723 2155 Caesarea
744 2092 851 2170 situm,
873 2096 1051 2178 occupavit.

171 2197 339 2268 Exercitus
350 2201 524 2267 Britannici
539 2202 695 2286 manipuli
707 2202 835 2287 plurimi
847 2205 1054 2274 Princetonira

171 2320 361 2394 convenere,
378 2315 432 2378 uhi
455 2335 582 2398 agmen,
597 2315 680 2398 quod
695 2316 869 2382 Brunarico
884 2319 942 2383 iter
955 2320 1052 2386 modo

170 2431 299 2509 facerat,
325 2429 420 2496 duco⁸
442 2429 557 2493 comite
583 2427 777 2507 cornuallia,
802 2451 870 2494 scae
895 2452 970 2496 cum
994 2433 1051 2497 οἱα*

172 2543 347 2627 conjunxit.
405 2542 576 2627 Imperator
601 2542 683 2620 iste,⁵
713 2542 919 2607 Trentoniam
945 2566 1054 2611 versun

172 2654 231 2722 iter
245 2657 346 2716 socero
369 2655 474 2737 coepit,
488 2655 766 2737 Americanosque,
784 2655 833 2719 dio
848 2655 992 2720 Januarii
1007 2679 1055 2722 ac·

173 2762 286 2841 cundo,
298 2763 394 2847 paulo
406 2776 474 2848 post
485 2766 657 2844 meridiem,
666 2788 749 2831 anno
761 2768 876 2831 Christi
886 2769 1055 2836 millesimo

172 2875 1054 2964 acptingentcaimoseptuagesimo,fortissimcaggreaauc

204 3057 214 3093 ¹
233 3051 399 3114 contuberniis,
410 3051 535 3101 “aoldicra'
545 3060 684 3118 quartom;”
700 3055 725 3105 iu
735 3056 814 3105 which
829 3072 899 3106 aenae
915 3056 933 3106 it
948 3056 968 3106 ia
980 3058 1055 3108 tahon

172 3125 207 3193 hy
215 3128 306 3190 Coeoar,
317 3130 332 3156 “
339 3130 454 3191 Deporittr
463 3132 490 3177 in
499 3132 644 3179 contubernio
654 3134 731 3194 mnia,
741 3135 826 3182 collum
834 3135 1013 3198 relinquebam!

204 3213 216 3248 ¹
231 3208 315 3267 lactor,
326 3204 417 3266 “lilia'‘
427 3220 454 3254 or
464 3207 479 3232 “
486 3220 514 3253 aa
523 3205 589 3270 larga
599 3212 649 3256 ω’
669 3209 731 3258 Thia
738 3210 811 3272 word,
820 3211 971 3276 erronooualy
978 3209 1055 3262 called

172 3280 207 3348 ay
216 3297 282 3331 corna
298 3297 329 3331 an
345 3282 433 3342 dont,
443 3280 472 3343 ia,
481 3279 507 3330 in
522 3281 612 3346 reality‚
626 3298 643 3331 a
657 3299 721 3333 noun
736 3288 875 3336 nortmttce
889 3287 1054 3350 indeclinabla,

173 3352 354 3424 audicalwaya
364 3356 437 3409 found
452 3357 729 3423 lntlroccccrotr'cecore,
739 3361 779 3411 tho
791 3368 968 3428 prtporittorrad
982 3365 1056 3431 being

174 3435 326 3487 andamtood.

204 3519 217 3557 a
232 3513 304 3574 Duce,
316 3516 365 3574 oa,
376 3511 454 3561 “Earl
463 3511 605 3562 cornuallia
616 3513 745 3580 (mma)
756 3515 829 3583 being
837 3517 938 3571 loadar.”

206 3598 218 3635 t
233 3590 284 3651 Eia,
297 3591 430 3653 (montpelir
439 3592 544 3654 nempe)
556 3591 616 3640 “the
624 3591 811 3644 deoohmenrar

206 3676 219 3714 c
233 3669 357 3734 Imperator
365 3670 416 3732 iate,
426 3667 501 3720 “that
509 3667 684 3734 commodo?
696 3667 722 3734 (i.
732 3685 754 3722 a.
762 3670 924 3739 Cornu-llio.)
