2444 4530
428 386 681 433 wssnrnsrorur
703 389 793 436 vrrs.
998 373 1053 437 ‘bb

101 555 103 565 ³
167 551 245 597 rum
266 549 431 608 memores,
447 542 479 594 et
493 532 667 616 perieulum
683 533 722 596 ob
741 531 885 596 hostium
904 535 1053 618 proximi·

168 655 272 708 tatem
294 644 402 730 eapiti¹
418 656 475 707 aut
489 645 623 708 fortunis
642 645 801 721 timentes,
816 645 958 729 cujusvis
979 669 1053 733 opes

169 769 282 821 eontra
295 758 380 821 iliius
391 759 563 843 potentiam
577 778 714 822 creseere
726 757 899 836 malebant,
912 758 1056 843 adeoque

167 869 350 954 praejudioio
362 889 400 932 ac
412 868 532 965 invidia
542 869 617 932 ooeoi
626 871 754 946 fiebant,
764 880 801 933 ut
813 869 909 954 eulpa
919 880 952 933 et
963 871 1055 936 incu-

167 982 218 1049 ria
238 968 482 1065 Washingtonii,
498 983 605 1046 omnia
624 981 722 1060 mala,
744 1003 814 1064 qua
836 983 1052 1066 obtingabant,

169 1095 310 1158 evenisse
335 1106 367 1158 et
394 1094 545 1160 accidisse
569 1095 704 1158 aiebant.
753 1095 829 1170 Qut
852 1095 941 1178 leges
965 1096 1054 1182 apud

169 1208 418 1290 Pennsylvanos,
443 1220 518 1272 tuno
539 1209 698 1294 temporis,
721 1218 907 1293 potestatem
933 1210 1053 1275 ferendi

169 1319 340 1399 habebant,
354 1322 418 1407 (eo,
431 1321 529 1404 qubd,
539 1321 668 1385 forsitan
679 1321 764 1384 urbis
774 1321 925 1405 primaria
938 1325 1055 1407 captu·

168 1432 324 1517 pigebat)
353 1437 402 1496 ut⁴
424 1433 708 1516 Washingtonium
732 1432 767 1496 in
793 1433 925 1497 hiberna
946 1435 1001 1512 ire,
1023 1443 1057 1498 et

168 1546 347 1609 exereitum
372 1546 432 1608 sub
455 1545 612 1629 pellibus,⁸
630 1566 693 1608 seu
719 1546 871 1624 tentoriis,
893 1546 933 1608 ob
954 1546 1058 1629 frigus

167 1656 327 1733 brumale,
343 1656 429 1738 quod
447 1657 515 1740 jam
540 1657 688 1735 instabat,
710 1657 864 1722 oollooare
887 1660 920 1721 et
942 1678 1059 1742 ponera

167 1769 309 1833 voluisse
331 1769 486 1848 auditum,
504 1770 625 1833 multas
649 1769 689 1834 da
710 1792 748 1834 eo
769 1791 818 1834 res
837 1769 929 1849 ‘dictu
954 1769 1057 1834 foedas

167 1881 210 1946 ad
233 1882 448 1964 Congressum
473 1883 673 1968 scripserunt,
695 1883 865 1967 palamque
890 1882 994 1967 turpia
1015 1880 1056 1947 da

167 1993 222 2059 illo
234 1995 365 2072 effutire,
382 2007 414 2058 et
428 1996 596 2079 praedicare
612 1995 699 2059 haud
713 1995 911 2060 dubitabant.

167 2169 172 2183 ,
213 2107 292 2182 Qua
316 2109 424 2171 omnia
455 2109 577 2173 invicta
606 2107 744 2191 quadam
774 2107 875 2173 animi
904 2107 936 2172 vi
965 2107 1055 2172 saoil-

167 2217 247 2283 lime
267 2218 416 2298 edomuit,
438 2220 647 2303 inimicosque
671 2221 763 2283 fateri
784 2218 918 2284 tandem
940 2220 1055 2302 coegit,

165 2331 275 2395 omnia
298 2353 367 2415 quae
388 2333 580 2411 acciderant,
603 2353 663 2396 neo
688 2333 728 2395 ab
750 2332 827 2409 ullo,
849 2331 919 2394 Deo
939 2331 1057 2414 optimo

165 2445 311 2526 maximo
325 2455 468 2527 excepto,
482 2443 660 2527 provideri·
675 2464 734 2506 neo
750 2443 777 2504 si
793 2441 919 2526 provisa
940 2451 1058 2519 essent,

167 2555 327 2642 prohiberi
353 2566 507 2638 poterant.
554 2553 650 2617 Nuno
677 2553 719 2617 ad
742 2575 790 2621 res
810 2563 916 2636 gestas
939 2553 1058 2617 Christi

170 2689 258 2732 anno
277 2667 444 2730 millesimo
464 2665 744 2751 septingentesimo
759 2665 991 2749 septuagesimo
1005 2686 1056 2730 oe·

170 2791 244 2844 tavo
259 2778 452 2843 enarrandas
467 2779 673 2863 nosmetipsos
693 2778 912 2861 accingamus.

170 2948 173 2953 ’
201 2950 314 3011 tcaput,
326 2944 409 2996 “their
418 2947 500 2996 livosa

201 3033 213 3070 u
229 3027 285 3086 Qui,
298 3029 348 3086 ba,
359 3028 397 3079 “a
407 3022 551 3089 periphrasis
559 3023 595 3074 sor
604 3023 643 3073 tbe
652 3022 832 3089 Pennsylvania
840 3023 999 3089 legionum

201 3111 213 3146 a
231 3103 307 3164 Urbis,
319 3105 369 3165 dfe,
381 3103 395 3129 “
403 3100 462 3150 their
468 3100 532 3150 chief
537 3100 608 3166 city,”
617 3099 661 3151 via
670 3100 964 3167 Philadelphiwtakaffl
972 3103 1006 3167 by
1014 3101 1056 3154 tae

172 3194 269 3318 mdmldt,
280 3255 374 3305 “when
387 3256 425 3318 (as
435 3272 494 3306 soon
502 3260 540 3321 as)
552 3254 571 3306 it
579 3273 632 3306 was
641 3256 738 3308 haard.”
837 3243 841 3250 ⁸
952 3312 966 3328 ο

201 3343 213 3377 ³
228 3335 337 3395 Pellibus,
355 3333 458 3382 “hides”
475 3351 501 3384 or
517 3334 599 3397 shins3
617 3341 660 3400 put
676 3335 732 3384 bere
748 3333 783 3384 for
800 3339 872 3392 team
887 3333 925 3385 sor
940 3331 1056 3397 aidrougb

170 3409 212 3460 tbe
227 3410 337 3459 moderno
352 3409 383 3459 do
392 3418 434 3461 not
444 3418 564 3462 construet
573 3412 634 3461 their
647 3418 711 3462 tants
722 3410 750 3461 of
760 3410 835 3472 hides,
845 3417 894 3475 yet,
904 3417 955 3460 toa
964 3410 1056 3460 amum

172 3503 217 3548 m,
227 3486 267 3535 dre
276 3485 343 3536 word
351 3485 372 3535 is
382 3487 529 3553 appropriate
539 3489 587 3537 und
597 3496 733 3552 customary
741 3507 748 3551 ς
765 3487 893 3535 inasmuoh
902 3501 938 3547 as,
948 3485 989 3534 the
1005 3485 1055 3533 Ro·

171 3578 243 3651 mans
258 3562 329 3612 made
344 3563 403 3613 their
417 3570 488 3627 tants,
498 3565 570 3628 otton,
580 3564 608 3614 οἲ
618 3564 693 3614 hides.
725 3565 773 3613 See
783 3562 886 3613 Cusar's
900 3562 1056 3612 Commenta·

172 3641 757 3784 ued’iitddvtdert',“tobedoaeman,”anticipeted.
790 3740 793 3746 2
