2444 4530
166 356 210 424 ὅθ
423 375 675 425 ursnnrororur
695 375 783 424 rrrr.

166 521 325 607 nipulum‚
339 520 380 586 ad
393 522 510 601 locum,
523 530 587 607 quo
602 523 670 587 dux
683 524 747 588 Lee
762 521 866 606 copias
879 523 1051 608 perducere

166 655 290 720 prorsus
314 637 478 713 abnuerat,
503 639 522 700 d
548 636 682 718 vestigio
707 635 848 699 deduxit.
894 637 963 700 Sub
993 638 1051 702 hoc

167 759 302 833 tempus,
318 749 553 831 Washingtonii
570 748 735 825 exereitus,
752 749 1051 833 septentrionalium

166 861 328 944 copiarum
349 861 541 940 accessione,
563 861 796 945 aliquantulum
819 860 980 925 adauctus
1002 865 1051 926 fir-

166 983 344 1055 metusque.

210 1084 378 1148 Exercitus
388 1085 602 1149 Americanus
613 1085 682 1171 jam
695 1106 737 1148 ex
747 1095 867 1170 septem
881 1086 1051 1151 hominum

166 1195 308 1260 millibus
333 1199 508 1275 constabat,
532 1198 600 1275 etsi,
620 1196 697 1261 dum
720 1218 788 1261 sese
810 1217 864 1282 per
888 1197 1050 1263 Caesareas

165 1308 340 1394 reciperent
354 1309 548 1388 Americani,
562 1309 651 1372 istius
666 1309 790 1372 numeri
805 1311 868 1372 iere
886 1331 1051 1395 nunquam

166 1419 335 1486 dimidium
359 1423 537 1506 exaequavit
557 1442 668 1486 eorum
689 1422 855 1486 exercitus.
902 1423 1051 1488 Flumine

166 1533 334 1600 Delaware
345 1536 538 1622 interposito,
550 1535 612 1599 duo
623 1535 778 1598 exercitus
789 1535 1049 1618 sejungebamur.

166 1647 322 1728 Britones,
338 1651 430 1714 rebus
455 1648 602 1712 secundis
624 1648 710 1726 elati,
736 1648 840 1732 copias
867 1669 921 1731 per
946 1650 1052 1713 omnia

166 1762 231 1823 fere
260 1761 373 1845 oppida
402 1771 434 1824 et
463 1761 638 1845 municipia
673 1762 823 1825 Caesarese
853 1759 1050 1840 distraxere,

166 1871 280 1955 quippe
295 1873 349 1954 qui
364 1873 398 1935 in
409 1872 681 1954 Pennsylvaniam
703 1872 882 1958 propediem
898 1874 1051 1958 trajicere,

166 1995 260 2069 ponte
277 1984 415 2067 glaciali,
431 1984 642 2050 confidebant.

203 2098 357 2173 ‘Quorum
381 2098 421 2161 de
435 2098 498 2160 situ
513 2108 545 2161 et
565 2097 769 2163 multitudine
791 2100 887 2164 simul
908 2120 946 2163 ac
969 2120 1053 2164 nun·

165 2209 238 2274 cius
247 2210 679 2295 acceptus,Washingtonius
689 2210 805 2275 dixisse
817 2214 924 2290 fertur,
937 2218 1051 2276 “nunc

167 2322 235 2387 alas
250 2324 448 2410 praecidendi,
459 2324 537 2387 dum
554 2335 620 2387 tam
635 2324 701 2389 late
717 2323 911 2402 dividuntur,
927 2325 1052 2388 occasio

167 2449 343 2524 opportuna
357 2438 448 2502 nobis
462 2436 597 2501 oblata.”
644 2437 802 2512 Quocirca
816 2438 934 2500 flumen
954 2435 1051 2500 Dela-

166 2540 372 2614 ware'dcnub
386 2550 539 2634 trajicere,
555 2550 724 2633 hostesque
740 2549 781 2613 ad
792 2550 895 2634 ripam
910 2549 1050 2613 fluminis

167 2663 301 2726 aiteram
322 2663 453 2744 aggredi
468 2663 615 2727 decrevit.
661 2662 781 2726 Mensis
796 2662 978 2724 Decembris
1000 2660 1050 2725 die

166 2773 321 2855 vigesimo
348 2774 467 2856 quinto,
494 2777 553 2839 sub
578 2788 714 2854 noctem,
739 2774 904 2859 tripartito,
930 2775 1052 2838 flumen

167 2884 353 2968 trajiciendi,
378 2887 544 2950 consilium
569 2889 652 2972 cepit
676 2888 885 2972 perfecitque:
910 2897 942 2951 et
964 2887 1051 2950 omni

166 2998 307 3062 exercitu
329 2998 384 3062 vix
405 2998 533 3063 tandem
554 3003 717 3084 egerrime
742 3000 933 3076 transmisso,
948 3000 1051 3083 bipar-

166 3111 226 3175 tito
252 3131 369 3194 agmen
394 3110 537 3175 incedere
563 3114 667 3198 ooepit,
691 3124 732 3191 et,
756 3113 901 3197 quamvis
921 3111 1050 3176 diversis

165 3225 327 3290 itineribus
346 3224 388 3288 ad
403 3224 509 3287 hostes
532 3224 768 3303 contenderant,
783 3225 905 3303 eodem,
927 3234 1049 3304 tamen,

167 3337 316 3421 temporis
340 3348 469 3422 puncto,
491 3357 601 3400 omnes
626 3338 658 3400 in
681 3336 820 3400 hostium
845 3348 1050 3423 conspectum

166 3455 292 3517 venere.
339 3451 410 3516 Etsi
431 3451 500 3535 jam
523 3451 617 3535 plane
639 3449 845 3528 lucescebat,¹
868 3451 985 3527 hostes,
1001 3460 1050 3512 ta-

245 3684 415 3750 enecatur,
426 3682 466 3736 “it
475 3699 527 3737 uu
542 3682 681 3751 deynsshtp’
696 3696 729 3734 aa
738 3680 882 3747 impersonsl
891 3683 956 3736 verb.
