2444 4530
426 352 675 399 wisaraosouu
698 353 787 398 vrrs.
1006 332 1047 395 4⁷

213 499 394 567 Hominum
415 499 582 562 liberorum
603 495 933 562 effrenamlioentiam
956 482 1050 558 disei-

167 611 264 698 plinee
287 611 413 676 militari
434 613 562 696 repente
582 611 742 695 subjicere,
757 606 951 674 difficultatis
973 628 1049 691 pru·

168 722 347 807 dentiaeque
377 735 461 787 erat:
499 743 610 807 quam,
640 734 757 800 tamen,
786 720 1048 804 Washingtonius

167 835 296 901 solertia
318 837 407 915 mird,
424 836 544 919 sibique
559 838 625 900 sere
645 836 776 919 propria,
790 835 941 899 facillime
964 853 1049 897 ooer·

167 949 244 1012 cuit
293 949 397 1034 Copiie
407 949 579 1026 recensitis,
593 947 661 1011 brec
676 947 719 1010 ad
732 948 944 1032 Congressum
953 947 1049 1032 scrip

166 1062 206 1125 sit
219 1085 228 1141 ;
257 1069 277 1100 “
289 1062 343 1126 Ad
357 1062 531 1125 exereitum
548 1059 791 1137 conficiendum,
807 1061 958 1125 eximiam
978 1080 1049 1123 ma-

166 1175 288 1252 teriem,
310 1174 391 1237 viros
414 1175 566 1252 robustos,
589 1173 779 1256 virtutisque
801 1173 993 1252 indubitata,
1016 1185 1049 1237 et

166 1308 281 1365 eausa,
305 1286 344 1351 de
367 1292 434 1370 qud
458 1299 609 1366 certatur,
631 1285 796 1365 studiosos,
817 1287 869 1351 hio
894 1287 1049 1352 invenio.”

166 1401 284 1466 lisdem
307 1401 413 1479 literis,
435 1401 509 1464 belli
532 1405 712 1485 apparatus,
728 1402 891 1466 castrensis
910 1406 1049 1478 ornatus,

166 1513 408 1595 multorumque
434 1533 570 1595 quorum
599 1512 765 1596 indigebat
788 1514 959 1591 exereitus,
986 1512 1053 1577 iuo-

167 1624 256 1708 piam
271 1635 463 1706 conquestus
477 1635 534 1688 est.
578 1624 853 1708 Washingtonius,
870 1644 975 1687 coram
998 1645 1054 1687 ex·

168 1735 279 1813 ercitu,
291 1735 538 1820 expositionem,¹
550 1738 572 1802 b
584 1738 765 1820 Congressu
779 1737 866 1822 priris
877 1749 1051 1816 exaratam,

168 1848 241 1911 belli
263 1849 451 1933 suscipiendi
464 1870 582 1913 causas
596 1851 816 1934 rationemque
833 1850 1049 1928 exhibentem,

166 1961 289 2025 recitari
319 1972 351 2024 et
372 1962 565 2046 promulgari
589 1963 693 2047 jussit.
740 1964 857 2028 Haece
884 1964 1047 2050 expositio,

166 2095 308 2138 sermone
332 2074 403 2138 forti
427 2075 552 2162 scripta,
572 2076 658 2141 looos
684 2077 743 2142 hoa
763 2078 907 2162 insignes
929 2098 991 2163 prae
1014 2099 1049 2142 se

167 2186 260 2252 tulit:
326 2215 328 2218 ·
355 2240 362 2261 .

212 2301 276 2364 “Si
298 2301 450 2380 homines,
464 2303 584 2367 ratione
607 2303 737 2388 prediti,
753 2304 901 2367 animum
920 2303 962 2366 ad
984 2323 1051 2366 ore·

168 2410 309 2476 dandum
330 2413 493 2490 inducant,
509 2425 631 2476 nature
653 2425 767 2476 nostrae
790 2423 953 2474 auctorem
977 2413 1053 2475 divi·

168 2542 262 2599 num,
288 2523 423 2585 humani
453 2524 577 2605 generis
606 2535 739 2607 partem,
768 2523 903 2586 aliorum
934 2545 1054 2609 posses-

169 2634 272 2698 siones
291 2633 449 2713 invadere,
468 2635 702 2718 imperiumque
724 2636 755 2699 in
772 2636 849 2700 alios
869 2637 1054 2702 intermina·

170 2750 255 2810 tum⁸
276 2769 430 2826 exercere,
453 2746 612 2825 voluisse;
641 2747 764 2832 Deique
786 2750 894 2834 optimi
916 2752 1051 2818 maximi

169 2860 324 2925 infinitam
354 2861 546 2945 sapientiam
575 2861 822 2946 bonitatemque,
851 2865 928 2928 alios
956 2866 1050 2950 justoe

169 2973 373 3038 dominationi
396 2972 549 3052 addictos,
564 2975 731 3054 obstrictos,
748 2975 879 3055 deditos,
896 2978 965 3042 aliis
987 2992 1051 3043 tra.

169 3086 241 3151 dere
256 3087 406 3150 statuisse
419 3108 427 3164 ;
454 3086 568 3150 harum
591 3088 784 3152 coloniarum
799 3090 914 3153 aoeolae
929 3088 1051 3174 indige·

170 3221 294 3282 neque,
306 3199 327 3261 b
343 3200 462 3263 Senatu
473 3200 618 3284 Anglioo,
632 3201 761 3285 aliquod
775 3201 939 3281 indicium,
953 3204 1049 3287 quod,

171 3309 370 3393 tyrannidem
392 3311 474 3376 hano
496 3311 597 3376 diram
621 3315 736 3397 Anglis
758 3316 913 3400 precipue
939 3315 1050 3378 datam

203 3512 212 3547 ¹
228 3506 403 3632 Εἶιίίίωιω,
413 3510 428 3537 “
435 3524 451 3557 a
458 3507 610 3569 declaration,
619 3507 804 3572 orexposition,”
814 3508 969 3575 settingforth
975 3508 1051 3574 griev-

170 3598 253 3644 anoes,

201 3668 214 3706 ί
228 3663 408 3726 locataeque,
419 3665 434 3693 ‘⁴
440 3661 577 3715 unlinrited”
587 3678 615 3714 or
624 3665 639 3692 ‘¹
645 3661 788 3714 bomdlasr
798 3677 886 3730 power.
