2444 4530
167 301 213 371 96,
424 316 676 363 omniaomina
699 317 787 363 rma,

167 462 250 528 cindi
260 471 397 548 oportere
409 461 500 527 dixit.
532 462 632 547 Cujus
644 461 784 547 precibus
796 461 1050 545 obtemperavero

167 577 310 654 comitia;
335 586 493 659 tantaeque
508 576 631 640 virtutis
644 576 678 640 in
697 575 870 660 praemium,
886 576 1051 640 Gubema-

165 699 215 753 tor
224 688 432 771 Virginiensis
442 709 516 753 eum
528 689 623 775 copiis
633 688 777 752 omnibus
789 688 954 774 provinciae
967 689 1051 754 illius

166 802 342 888 praefecit.‘

211 915 306 979 Anno
320 914 488 979 millesimo
501 914 780 999 septingentesimo
791 916 1051 1000 quinquagesimo

166 1037 291 1104 octavo,
305 1026 399 1090 heros
413 1037 517 1090 noster
536 1026 686 1110 juvenilis
701 1028 857 1093 exercitlls
872 1026 961 1092 ducis
976 1029 1053 1094 For-

166 1138 244 1203 besii
258 1147 382 1222 partem
397 1135 553 1217 ductavit,
566 1147 608 1217 et,
623 1139 861 1223 propugnaculo
881 1139 1054 1224 Duquesne

168 1249 332 1334 capiendo,
342 1271 410 1314 sese
422 1249 594 1334 insignivit.
634 1251 704 1315 Hoc
715 1250 799 1314 bello
809 1252 941 1315 feliciter
953 1264 1054 1336 gesto,

168 1362 313 1428 animum
327 1362 369 1427 ad
382 1363 428 1426 rei
441 1363 586 1427 militaris
600 1363 764 1427 scientiam
778 1364 924 1429 intendit.
969 1364 1056 1430 Veli·

168 1460 306 1541 tationcs
332 1477 446 1540 crebrae
473 1497 549 1541 cum
575 1477 675 1542 Gallis
705 1476 863 1560 Indisque,
888 1477 964 1543 locis
991 1479 1056 1562 syl-

168 1590 322 1654 vestribus
347 1590 432 1654 circa
453 1591 543 1668 fines,
565 1589 767 1672 vigilantiam
791 1588 1057 1676 prudentiamque

169 1703 336 1781 edocuere,
353 1722 567 1784 ausorumque
586 1721 781 1785 magnorum
796 1701 985 1766 ariditatem
1001 1725 1057 1787 ge-

170 1819 281 1878 nuere.
329 1815 446 1899 Copia,
462 1834 542 1897 quas
564 1812 730 1893 ductabat,
744 1826 854 1879 contra
876 1815 983 1880 hostes
1006 1837 1057 1880 as·

170 1925 345 1989 tutissimos
368 1926 534 2008 confligere
548 1925 706 2010 paulatim
722 1939 797 1991 sunt
816 1932 1059 1994 assuefacta.-

172 2037 341 2104 Gallorum
356 2037 542 2122 agilitatem,
558 2037 771 2124 Indorumque
784 2041 951 2121 feritatem,
965 2064 1060 2128 supe-

172 2152 256 2215 ravit
284 2151 409 2215 virtute.
461 2151 614 2217 Plurimis
642 2152 754 2238 praeliis
782 2155 874 2219 victis
903 2155 1059 2235 hostibus,

172 2263 333 2349 longeque
359 2275 446 2328 trans
469 2266 549 2328 fines
576 2265 730 2329 colonicos
758 2267 903 2331 recedere
930 2270 1058 2347 coactis,

172 2379 494 2465 propugnaculisque,
517 2400 589 2462 quae
612 2379 792 2443 secundum
815 2380 950 2445 fluvium
974 2379 1060 2444 Ohio

174 2504 308 2577 caperat,
331 2493 482 2578 praesidio,
505 2492 590 2578 quod
617 2493 694 2556 satis
717 2476 892 2571 videbatur,
916 2492 1059 2572 munitis,

53 2640 62 2654 ·
174 2605 342 2670 Ilorbesius
363 2606 531 2691 imperator
545 2608 724 2671 exercitum
744 2607 778 2670 in
792 2606 1000 2670 hibernacula
1012 2627 1061 2671 re-

175 2714 279 2780 duxit.

220 2827 282 2892 Per
296 2828 357 2892 hoc
370 2828 492 2894 bellum
506 2829 726 2912 decretorium,
744 2831 829 2916 quod
851 2831 980 2896 coloniis
994 2853 1063 2896 me-

178 2939 237 3006 diis
264 2941 486 3025 tranquillitati
514 2942 674 3028 salutique
701 2947 772 3025 fuit,
798 2945 1063 3029 Washingtonius

179 3054 299 3120 multas
316 3055 519 3120 difficultates
539 3077 701 3141 perpessus
716 3069 764 3122 est
782 3059 897 3143 quibus
912 3058 1063 3122 valetudo

180 3167 453 3232 imminuebatur'
492 3167 689 3233 Pulmonum
718 3172 836 3250 morbo,
867 3170 1064 3257 corporisque

181 3279 342 3346 debilitate
365 3291 533 3367 correptus,
556 3281 670 3344 munia
694 3282 843 3346 militaria
870 3286 952 3349 obire
974 3283 1065 3348 haud

182 3403 313 3481 poterat,
328 3395 485 3478 quocirca,
499 3394 631 3458 ineunte
644 3415 716 3459 vere
731 3395 807 3460 anni
821 3396 980 3462 millesimi
995 3418 1066 3483 sep·

183 3507 400 3592 tingentesimi
415 3507 671 3592 quinquagesimi
685 3510 770 3587 noni,
786 3509 915 3595 imperio
930 3533 963 3575 ae
979 3509 1067 3574 abdi·

186 3622 280 3699 cavit,
294 3620 554 3707 Vernomumque
571 3621 612 3687 ad
631 3634 773 3689 montem
795 3625 932 3691 secessit.
979 3623 1068 3708 Erga
