2444 4530
427 310 677 358 wssnrnoronrr
700 310 789 357 vrrs.
1006 292 1048 363 b'l

167 472 246 524 oum
256 454 435 522 insulamve
445 456 642 542 potissimum
661 458 861 535 adorirentur,
877 455 1052 522 ubinamva

168 568 244 633 belli
255 567 410 633 inferendi
423 567 550 631 initium
564 570 661 645 fieret,
676 568 729 634 dia
744 568 961 650 ambigebant.
1060 608 1064 623 ·

214 680 476 765 Washingtonius
489 679 545 758 nil,
557 678 642 763 quod
652 680 765 744 milites
777 679 819 744 erl
830 679 935 744 hostes
949 681 1050 747 lases·
1167 766 1170 771 .

170 794 281 859 sendus
291 792 1050 878 impetumqueAnglorumlortitbrsustinendum

169 907 289 971 alacres
315 916 501 992 paratosque
528 903 681 984 redderet,
707 905 923 991 pretermisit3
954 906 1050 972 ratio·

167 1023 317 1104 nemque¹
331 1040 457 1085 omnem
471 1019 594 1083 animos
606 1017 714 1103 patriae
730 1039 835 1084 amore
849 1017 1048 1098 incendendi,

166 1128 290 1218 irasque
311 1133 345 1197 in
368 1130 473 1198 hostes
494 1131 704 1210 suscitandas,
721 1142 869 1218 expertus
884 1144 942 1212 est,
953 1132 1050 1220 jussis

168 1246 380 1330 generalibus'
390 1248 433 1311 sio
444 1267 498 1310 eos
509 1247 643 1309 affatus:
661 1244 831 1330 “Tempus
839 1244 1049 1330 instat,quo‹l,

167 1357 255 1422 liberi
280 1380 324 1422 an
350 1358 431 1422 servi
454 1358 555 1423 futuri
580 1357 646 1420 sint
670 1357 875 1437 Americani3
899 1358 1051 1423 utrumne

168 1471 353 1554 quidquam,
365 1470 448 1555 quod
461 1471 620 1556 proprium
635 1470 696 1535 dici
711 1470 816 1556 possit,
828 1471 991 1548 habituri3
1009 1488 1053 1533 an

170 1582 282 1647 domus
297 1604 451 1666 agrosque
465 1584 573 1646 hostes
595 1584 726 1668 impune
749 1583 891 1650 invasuri
906 1593 938 1647 et
952 1581 1053 1666 direp-

170 1695 235 1758 turi
247 1718 256 1773 ;
280 1694 417 1779 perbrevi
442 1694 632 1780 dijudicabit.
679 1697 815 1761 Infinita
838 1693 1053 1764 ,multitudinis

171 1805 312 1871 nondum
326 1816 418 1885 nata,
429 1828 471 1870 ex
486 1807 617 1893 hujusce
629 1814 789 1876 exereitus
801 1809 1051 1889 virtute,·fatunr

168 1918 324 2004 pendebit.
372 1920 487 1984 Hostes
508 1921 645 1986 immites
668 1933 700 1986 et
722 1922 931 1988 inexorabiles
959 1924 1050 1990 nobis

167 2041 277 2118 praeter
289 2033 377 2096 fortis
390 2033 528 2113 renixtls,
545 2044 602 2099 aut
617 2036 734 2101 servitii
756 2036 937 2124 turpissimi,
951 2037 1051 2122 optio·

167 2166 251 2224 nem,
266 2146 309 2209 nil
323 2147 432 2230 reliqui
454 2150 567 2213 fecere.
612 2149 754 2229 Vincere,
773 2151 882 2236 igitur,
899 2161 957 2214 aut
979 2149 1050 2236 pul-

169 2258 246 2321 chra
269 2270 372 2343 petere
391 2281 446 2344 per
459 2260 594 2325 vulnera
616 2273 762 2341 mortem,
782 2263 875 2328 nobis
899 2261 1050 2326 hodierno

168 2369 217 2434 dle
233 2371 439 2434 statuendum
450 2384 507 2437 est.
543 2374 705 2438 Officium⁴
719 2373 804 2456 quod
812 2372 1050 2455 nobismetipsis,

168 2480 253 2564 quod
268 2483 379 2569 patriae
400 2483 561 2560 dehemus,
584 2504 695 2547 omnes
717 2483 809 2560 vires,
832 2500 1051 2565 summamque

169 2593 321 2656 virtutem
333 2592 480 2677 postulat.
516 2593 649 2669 Quodsi
660 2595 749 2659 nohis
761 2597 884 2658 fortuna
895 2593 1050 2676 inviderit,

170 2715 228 2768 aut
242 2726 298 2769 nos
319 2705 469 2770 fortitudo
485 2705 644 2785 defecerit,
660 2709 798 2791 stigmosi
820 2706 1050 2793 turpissimiqua

201 2867 210 2901 1
225 2861 353 2922 Rationes,
364 2859 508 2921 “method,”
518 2876 545 2910 or
554 2863 569 2889 “
577 2861 655 2926 plan.”
686 2863 709 2913 lt
717 2876 769 2910 vas
778 2874 808 2910 an
818 2860 936 2910 universal
945 2869 1049 2928 comm,

170 2936 226 2986 both
235 2936 260 2985 in
270 2936 366 2986 ancient
381 2936 431 2985 and
446 2936 544 2987 modern
558 2937 635 3001 times,
646 2955 677 2989 on
686 2938 778 2990 tlreevs
790 2936 819 2988 of
830 2953 863 2987 an
878 2940 990 3004 expected
1005 2957 1047 2992 en·

169 3013 664 3078 gagenentt‘oreommsnderstoaddress
673 3013 1048 3084 nndharmguetheirumpain

170 3092 237 3141 mrlar
245 3098 270 3141 to
280 3107 339 3157 spur
348 3091 413 3142 them
422 3107 453 3141 on
461 3099 488 3141 to
497 3091 569 3142 deeds
579 3094 680 3144 ofmlm.

200 3170 297 3217 alueris
307 3169 456 3230 generalibus,
464 3169 508 3219 “in
517 3172 612 3235 general
618 3170 722 3220 orders!
751 3170 925 3232 Thesewords,
932 3171 1048 3236 although

171 3245 234 3310 good
242 3244 324 3305 Latin,
335 3244 412 3294 sounrl
420 3245 496 3296 rather
504 3247 625 3313 strangeiy
633 3255 659 3298 to
668 3264 684 3298 a
693 3247 778 3298 classic
787 3264 836 3312 ear,
844 3247 870 3298 in
880 3264 1047 3314 consequence

170 3321 251 3449 ofllethe
260 3320 420 3408 infrequenoy,
430 3339 462 3386 or,
471 3324 555 3388 mtlrer,
565 3325 623 3376 total
632 3326 742 3390 absence,
749 3325 778 3376 of
782 3326 842 3377 such
851 3341 883 3377 en
891 3325 946 3377 idas
957 3339 1049 3393 among

222 3406 335 3449 anorents.

202 3482 214 3519 ⁸
233 3477 326 3539 Virtute,
342 3479 486 3544 “oonnge,”
499 3479 571 3544 valor,
587 3495 615 3531 or
628 3479 731 3549 military
746 3496 851 3549 proven
858 3500 866 3548 ς
882 3480 960 3549 rnrely
974 3486 1000 3534 te
1014 3479 1048 3533 hs

171 3553 634 3619 takarmammrlrauninthiswork.

200 3631 558 3701 immansuetus?
