2444 4530
426 317 678 365 wrssrnororur
701 320 789 366 trra:
990 300 1052 366 m

210 461 334 527 Lotum
357 464 694 546 propugnaculumque
711 486 776 527 non
790 463 898 548 proeul
918 464 942 529 b
961 463 1054 528 Novo

167 572 312 637 Eboraoo
327 575 479 658 positum,
494 574 594 658 vulgo
609 576 808 640 West-Point
822 575 952 655 dietum,
966 578 1054 640 ineo-

167 683 305 750 lumem¹
319 706 443 749 servare
457 687 736 752 vehementissime
755 688 871 751 avebat
882 687 1054 772 Washing-

168 797 284 860 tonius.
331 797 375 862 Ut
400 797 486 862 loeus
510 799 570 862 iste
594 801 715 863 servari
728 800 911 864 ⁴incolumis
936 811 1054 885 posset,

168 909 359 993 manipulos,
376 911 556 975 civitatibus
571 912 692 990 multis,
708 913 748 976 ob
761 913 892 998 periculi
906 913 1054 978 instantis

167 1023 431 1106 magnitudinem,
461 1026 653 1108 petentibus,
684 1026 858 1091 necessario
892 1023 1052 1110 denegare

168 1136 349 1217 cogebatur.
397 1137 532 1201 Ineunte
555 1140 664 1215 anno,¹
687 1138 845 1201 Henrious
861 1137 1052 1216 Clintonius,

167 1267 265 1329 eques
277 1247 489 1331 Anglioanus,
503 1249 557 1331 qui
571 1232 870 1332 summam‘imperii
881 1249 951 1332 jam
966 1259 1054 1312 tene·

167 1359 231 1437 bat,
245 1361 336 1442 quasi
351 1359 457 1423 losum
469 1359 562 1423 illum
578 1360 747 1423 adorturus
762 1370 852 1438 esset,
868 1371 972 1424 eastra
985 1381 1056 1425 mo-

168 1471 231 1534 vit:
256 1483 290 1534 at
305 1478 370 1554 quo
386 1471 492 1553 magis
505 1470 613 1535 locum
629 1472 828 1536 Americanis
851 1482 919 1535 tam
941 1471 1057 1537 utilem

170 1582 305 1665 aggredi
324 1583 492 1646 videbatur
515 1581 705 1662 Clintonius,
724 1606 762 1648 eo
783 1585 887 1667 magis
911 1584 1059 1647 animum

169 1693 307 1757 intendit
318 1694 595 1778 Washingtonius,
609 1707 644 1758 ut
658 1696 748 1763 loeus
763 1697 822 1760 iste
838 1696 939 1779 quam
954 1689 1059 1760 muni·

170 1806 311 1869 tissimus
333 1817 415 1870 esset
426 1829 437 1886 3
462 1806 589 1890 locoque
613 1808 667 1872 illo
687 1809 826 1892 perbrevi
849 1808 1058 1877 munimentis

170 1929 203 1981 et
217 1916 358 2003 praesidio
370 1920 460 1982 firmo
471 1920 513 1982 ab
522 1921 608 1982 omni
622 1920 745 2004 impetu
758 1920 862 1984 hostili
876 1931 946 1984 tuto
961 1922 1056 2000 laeto,

173 2030 361 2110 Clintonius,
370 2027 443 2095 ’dux
458 2032 638 2111 Britannus,
653 2034 695 2096 ab
708 2033 944 2118 oppugnatione
959 2031 1056 2097 desti·

172 2142 220 2220 tit,
234 2155 266 2205 et
280 2142 322 2207 ad
337 2143 580 2229 Rempublioam
597 2145 920 2210 Conneotioutensem
935 2146 994 2210 iter
1007 2146 1058 2210 in·

172 2257 299 2319 tendere
315 2257 488 2321 constituit.

216 2370 292 2445 Qua
306 2370 341 2431 in
362 2369 502 2452 regione,
516 2368 749 2453 pulcherrimas
771 2368 894 2431 multas
910 2368 1014 2445 urbes,
1028 2379 1061 2431 et

172 2483 298 2569 oppida,
313 2483 430 2565 partim
453 2480 603 2558 incendit,
617 2480 735 2565 partim
757 2479 862 2556 diruit,
878 2478 993 2562 partim
1007 2497 1062 2542 ex·

173 2593 342 2681 pugnavit.
368 2591 644 2674 Washingtonius,
652 2600 774 2668 autem,
785 2591 840 2673 qui
850 2610 958 2653 rerum
968 2610 1063 2675 mag·

173 2727 289 2771 narum
302 2704 529 2768 servandarum
543 2707 652 2782 eausa,
666 2725 763 2789 parva
775 2704 930 2781 amittere,
940 2714 972 2766 et
983 2725 1061 2789 neg·

174 2819 270 2905 ligere
285 2819 434 2896 instituit,
449 2838 514 2881 non
534 2817 606 2901 plus
630 2816 753 2894 auxilii,
768 2817 932 2900 regionum
951 2817 1062 2882 ineolis

176 2954 296 3010 earum,
312 2953 366 3016 per
387 2951 469 3014 quas
485 2930 543 2993 iter
558 2930 664 2992 hostes
679 2930 847 3007 faciebant,
863 2931 960 3012 quam
976 2929 1061 3013 quod

178 3045 216 3109 ad
231 3045 374 3109 hostium
385 3043 450 3107 vim
466 3041 693 3127 prohibendam
707 3043 782 3105 satis
797 3044 885 3121 foret,
901 3045 978 3106 ferre
993 3054 1062 3127 pot·

206 3245 217 3280 1
232 3237 378 3297 isodomon,
389 3237 404 3264 “
412 3233 461 3284 sese
469 3237 494 3282 :”
510 3233 556 3283 this
567 3233 681 3298 adjective
691 3233 736 3282 has
745 3232 831 3298 regard
841 3239 866 3282 to
875 3232 917 3282 tho
927 3231 1017 3297 gender
1032 3225 1061 3280 oi

179 3313 218 3364 tbe
226 3330 293 3364 noun
302 3315 371 3374 buta,
381 3312 460 3361 rather
469 3311 528 3360 than
537 3318 563 3361 to
572 3311 622 3360 that
631 3311 876 3374 olpropugrtaordum
893 3309 937 3371 for,
947 3309 988 3358 tho
997 3325 1065 3358 mas

179 3391 256 3441 onbne
271 3390 367 3440 ismore
378 3390 468 3454 worthy
478 3389 537 3438 than
547 3390 589 3437 the
598 3387 717 3450 feminine,
728 3387 777 3436 and
786 3388 827 3437 the
838 3385 983 3439 ferainineis
998 3399 1066 3435 mora

180 3468 271 3533 worthy
281 3467 340 3516 than
356 3466 506 3530 theneuta13
523 3467 568 3516 but
580 3465 606 3515 in
621 3465 702 3530 things
718 3465 817 3514 without
831 3464 877 3525 life,
888 3463 928 3512 the
944 3470 1028 3512 neuter
1043 3461 1066 3512 is

180 3545 300 3611 generally
309 3543 438 3609 preferred3
455 3545 500 3593 but
505 3550 548 3593 not
554 3543 660 3607 always:
680 3543 727 3590 See
736 3543 777 3590 the
787 3548 901 3591 sentence
910 3540 936 3589 in
945 3538 1018 3589 hand.

211 3623 334 3672 elamite
344 3637 412 3683 mae,
422 3617 694 3686 “intbebeginningof
706 3618 837 3684 theyear,”
847 3618 890 3667 &a
