2444 4530
431 340 682 385 assamerouu
705 327 792 384 vrr'r.
994 319 1050 382 rte

215 485 393 550 Robustum
408 504 529 567 corpus,
544 483 630 546 salus
644 485 737 546 firma
751 491 835 555 erat;
851 491 884 543 et
894 481 1052 543 laborum¹

168 597 252 662 mire
268 597 392 681 patiens
407 597 478 660 fuit.
515 596 692 660 Libidinem
705 593 906 677 imperiosam
921 604 953 656 at
967 594 1054 681 effre·

170 729 247 772 narn
259 711 288 772 ei
301 721 418 773 natura
432 708 534 787 derlit3
552 720 586 771 at
594 708 748 793 patientia
760 717 792 768 et
802 705 969 783 industria,
983 725 1053 788 quer

170 836 286 886 natura
307 823 490 906 denegarat,
507 822 666 904 acquirere
681 831 713 882 et
733 818 861 903 adipisci
884 817 1052 894 studebat3

168 956 228 998 nec
243 956 335 1019 opera
350 936 510 998 incassum
526 934 599 998 fuit.¹
644 932 802 996 Caeruleos
823 930 962 993 habebat
977 950 1053 993 ocu-

168 1047 235 1125 los;
259 1068 356 1111 nasus
377 1047 537 1130 lauguias,
553 1058 586 1110 et
607 1045 768 1109 modestia
790 1044 902 1128 plenus
917 1043 1050 1120 vultus;

169 1161 275 1239 comis,
291 1161 438 1238 liberalis,
454 1159 565 1222 amicis
586 1159 754 1241 benignus,
769 1157 883 1240 ignotis
905 1157 1052 1220 omuibus

170 1293 238 1336 sese
254 1273 456 1356 praebendum
468 1272 626 1357 judicans.

204 1385 374 1449 Virtutem¹
383 1397 648 1468 rectumque,non
657 1383 759 1447 solum
771 1404 813 1447 ex
821 1378 880 1448 Dei
890 1393 988 1462 metu,
997 1380 1053 1446 sed

169 1519 211 1561 ex
225 1498 334 1560 innato
348 1498 425 1560 recti
441 1518 556 1575 amore,
574 1497 706 1560 colebat.
737 1496 943 1573 Bibliotheca,
954 1515 1052 1578 quam

170 1610 398 1694 amplissimam
419 1610 566 1686 habebat,
589 1619 622 1672 et
644 1608 840 1672 consuetudo
869 1607 1055 1691 epistolaris⁸

170 1743 245 1786 cum
259 1723 361 1805 gentis
374 1722 623 1805 uniuscujusque
633 1722 707 1784 viris
719 1721 917 1798 doctioribus,
928 1741 1002 1783 eum
1015 1719 1054 1783 de

169 1838 298 1919 quaque
324 1836 403 1898 orbis
428 1845 579 1897 terrarum
603 1835 730 1916 regione
754 1834 917 1896 certiorem
939 1835 1051 1898 secere.

168 1948 317 2012 Maritus⁴
328 1948 409 2030 pius,
422 1947 543 2010 amicus
558 1947 710 2022 sincerus,
722 1945 869 2008 dominus
881 1945 1051 2028 benignus,

168 2060 357 2144 pauperibus
381 2081 557 2123 succerrere
580 2058 724 2144 proclivis
749 2068 826 2122 erat.
873 2056 945 2121 Non
970 2057 1052 2124 aliae

168 2171 266 2234 talem
273 2192 416 2254 unquam
422 2173 528 2235 virum
536 2173 659 2256 aspexit
670 2171 820 2250 mundus,
827 2193 887 2234 nec
898 2192 1050 2254 unquam,

168 2284 201 2347 ni
210 2285 347 2348 multum
359 2285 458 2362 fallor,
470 2287 574 2356 ullum
586 2286 616 2347 ei
626 2284 765 2346 similem
776 2286 915 2367 aspicere
928 2284 1049 2367 poterit.

213 2398 368 2480 imperare
378 2397 436 2457 sibi
447 2396 554 2480 (quod,
562 2395 777 2476 proculdubio,
785 2395 951 2477 imperium
960 2416 1053 2457 max-

167 2510 269 2573 imum
285 2506 358 2589 est,)
374 2506 455 2569 adeo
471 2508 564 2589 probe
579 2507 724 2581 callebat,
736 2516 783 2583 ut,
794 2506 825 2566 in
842 2505 959 2568 irarum
974 2517 1053 2572 aestu

168 2620 321 2698 mammo,
335 2640 403 2681 sese
420 2637 541 2681 comem
554 2629 586 2681 ct
600 2618 759 2680 urbanum
775 2639 898 2702 semper
912 2620 1054 2703 praebue·

168 2734 219 2798 rit.
266 2734 371 2797 Heroa
398 2744 542 2795 nostrum
564 2731 638 2794 viris
660 2732 804 2794 omnibus
826 2732 952 2814 magnis
975 2754 1052 2816 quos

168 2857 310 2909 vetustas
333 2865 478 2929 unquam
500 2843 589 2921 vidit,
612 2863 790 2927 comparare
817 2866 881 2907 non
902 2867 1027 2930 possum
1039 2869 1049 2926 ;

199 2992 209 3050 l
224 2985 346 3044 Laborura
358 2987 408 3045 tta,
419 2981 597 3046 “wonderfully
606 2981 706 3045 capable
715 2981 744 3030 ol
752 2982 870 3048 enduring
878 2983 941 3033 toil.”

198 3069 211 3105 s
229 3062 347 3120 Virtutes,
357 3063 408 3120 dec,
419 3059 470 3107 “he
480 3057 597 3123 practised
605 3057 679 3108 virtue
688 3058 736 3107 and
746 3059 868 3122 rectitudo,
875 3067 918 3110 not
927 3061 984 3126 only
990 3061 1051 3113 from

168 3153 184 3187 a
193 3137 243 3186 sear
252 3136 280 3186 ol
285 3137 325 3185 the
336 3135 416 3200 Deity,
426 3136 470 3185 but
480 3135 531 3185 also
540 3135 600 3185 from
609 3151 641 3185 an
651 3134 734 3186 inborn
746 3136 799 3186 lova
809 3136 837 3186 ol
841 3137 977 3188 rectitude.”

199 3215 372 3264 sconsuetudo
391 3214 521 3276 aarum,
541 3217 590 3276 ba,
611 3217 664 3263 “an
683 3212 811 3280 epistolery
828 3214 972 3266 intercourse
991 3215 1050 3266 with

168 3291 232 3352 uer
243 3292 286 3339 &a

200 3369 335 3429 sermm,
357 3370 405 3430 ssa,
425 3368 477 3418 “he
496 3385 598 3419 wesen
618 3369 767 3421 affectionate
786 3371 903 3434 husband,
922 3348 940 3420 b
958 3371 1050 3420 sincere

169 3444 246 3495 friend
254 3449 277 3507 ;”
297 3445 336 3494 the
351 3444 465 3511 adjectiva
478 3449 532 3509 plus
548 3445 648 3511 implies,
666 3447 733 3497 what
748 3463 787 3497 we
803 3448 899 3513 usually
915 3447 961 3497 call
978 3446 1049 3496 auso·

169 3521 266 3583 tionate,
277 3520 368 3584 dutiful,
378 3522 505 3589 especially
514 3524 619 3574 towards
633 3524 697 3587 God,
708 3541 752 3574 our
767 3532 870 3588 parents,
880 3530 988 3587 country,
999 3521 1049 3572 end

169 3596 285 3649 relatives.
316 3599 339 3650 lt
347 3597 368 3649 is
377 3599 416 3651 the
422 3600 511 3668 epithet
520 3601 554 3666 by
559 3601 636 3652 which
642 3601 720 3667 Virgil
729 3600 860 3668 maanehly
866 3599 1004 3664 designatas
1010 3596 1048 3650 his
