2444 4530
166 323 209 386 48
423 336 784 384 wrsmrtororur-vmr.

166 484 357 549 demonstret
376 483 559 568 probetque,
574 485 659 548 certe
677 481 835 568 postulare
857 499 1049 567 summoque

169 596 240 680 jure
261 606 366 679 petere
388 592 504 657 debent
517 595 617 692 ι-ᾼῐ
633 594 787 659 creatoris
809 595 923 677 magni
945 596 1035 660 obser

166 707 276 772 ventio
297 707 476 790 cultusque,
492 707 700 771 humanitetis
715 707 818 783 effato,
834 712 944 771 sensus
964 729 1050 772 oom-

166 820 273 884 munis
285 830 448 904 precepta,
458 841 580 898 onmes,
590 819 646 902 qui
655 819 722 882 istis
734 818 773 883 de
786 820 890 897 rebus,
901 840 1049 904 unquam

168 933 358 1015 cogitavere,
370 932 526 1010 evincent,
537 931 715 1015 imperium,
728 931 770 994 ed
781 931 903 1014 generis
912 930 1050 995 humani

167 1044 305 1108 salutem
327 1042 572 1130 provehendam,
595 1042 842 1125 felicitatemque
866 1042 1050 1125 augendam

168 1155 484 1243 promerendamque,
499 1156 670 1237 antiquitus
685 1176 706 1217 a
721 1155 790 1218 Deo
801 1155 985 1218 institutum
999 1158 1052 1218 fu·

168 1268 238 1332 isse.
285 1271 436 1346 Senatus,
464 1279 574 1331 autem
603 1267 814 1345 Britannicus,
842 1266 1053 1331 immoderato

168 1380 292 1465 imperii
306 1380 436 1444 libidine
446 1381 604 1456 incensus,
616 1399 716 1462 quam
727 1379 858 1463 justitie
871 1399 935 1442 non
947 1379 1052 1443 solum

169 1492 346 1571 adversam,
360 1493 416 1557 sed
430 1514 471 1556 ne
486 1492 576 1575 regni
591 1491 720 1575 quidem
735 1492 833 1576 ipsius
849 1491 977 1575 Anglioi
992 1495 1053 1556 lor·

169 1627 230 1670 moe
246 1628 416 1671 consonam
427 1626 494 1670 esse
504 1605 601 1682 novit,
615 1624 861 1687 successumque
871 1604 1006 1682 felicem,
1019 1605 1054 1670 in

170 1741 287 1802 genere
302 1720 412 1802 quovis
422 1717 612 1794 certaminis,
623 1717 657 1779 in
669 1738 731 1799 quo
743 1716 821 1800 justi
833 1717 961 1800 verique
972 1717 1056 1780 ratio

171 1829 281 1893 habite
304 1832 352 1908 sit,
361 1823 684 1912 desperans,eolonios
699 1831 795 1894 hasce
811 1830 843 1894 vi
865 1830 898 1894 in
921 1829 1054 1894 servitu-

171 1953 237 2012 tem
260 1940 424 2024 redigendi
439 1940 607 2004 consilium
622 1940 750 2005 crudele
768 1943 860 2026 cepit,
876 1940 1053 2025 inivitquer

171 2075 291 2136 nosque
303 2052 345 2116 ad
355 2064 532 2124 extremam
542 2053 636 2116 armis
643 2053 843 2138 propulsandi
851 2055 1055 2120 iecewicibus

171 2167 282 2231 nostris
294 2162 414 2249 gladios
424 2164 577 2228 districtos
587 2167 811 2229 necessitatem
822 2166 1057 2250 compulerunt.-

67 2352 70 2356 ,
172 2279 311 2356 Tamen,
327 2277 535 2360 quantumvis
557 2279 697 2344 Senatus
712 2278 781 2356 iste,
797 2299 859 2363 pree
875 2278 976 2341 nimie
994 2279 1057 2340 im·

172 2393 248 2477 perii
260 2392 420 2469 aviditate,
432 2391 589 2469 caecutiat,
596 2391 712 2474 jusque
724 2403 755 2453 et
765 2390 932 2455 hominum
944 2389 1058 2452 existi-

174 2507 348 2570 mationem
364 2516 556 2582 contemnat,
573 2504 791 2588 nosmetipsos,
807 2504 846 2566 ob
862 2522 1002 2566 amorem
1022 2503 1058 2569 in

174 2630 286 2700 gentes
299 2617 446 2698 reliquas,
458 2617 499 2680 ad
510 2639 623 2695 causae,
637 2620 703 2700 qud
713 2634 887 2692 versamur,
899 2616 1058 2699 Justitiem

175 2726 398 2812 exponendam
414 2728 533 2810 impelli
546 2730 763 2793 arbitremur.”

220 2841 336 2904 Haecce
353 2839 505 2922 expositio
518 2841 627 2905 audax
642 2854 674 2905 et
688 2841 864 2926 perspicua,
877 2850 967 2904 sexto
978 2833 1059 2904 Jutii

176 2951 237 3030 die,
255 2950 373 3015 Christi
391 2971 476 3013 anno
491 2952 675 3017 millessimo
695 2953 980 3039 septingentesimo,
991 2970 1060 3037 sep·

177 3063 357 3147 tuagesimo
370 3064 491 3146 quinto,
505 3063 733 3148 Philadelphioe
745 3066 844 3143 date‚¹
859 3075 891 3128 et
902 3066 926 3130 e
937 3064 1061 3128 Joenne

180 3176 378 3253 Honcoolrio,
394 3187 426 3239 et
443 3174 556 3238 Corolo
579 3176 753 3256 Thomson,
769 3179 953 3263 subscripta.
1000 3175 1061 3240 llle

181 3289 375 3371 Congresslis
391 3308 512 3371 praeses,
528 3286 580 3350 hic
596 3298 706 3350 eutem
721 3290 744 3353 e
758 3291 897 3353 secretis¹
913 3290 984 3353 tuit.

212 3503 220 3538 1
233 3498 301 3558 oea,
319 3495 438 3559 “dead,¹¹
454 3497 509 3546 aa·
524 3496 615 3559 creora
633 3499 711 3546 mom
723 3499 787 3562 pau
802 3498 837 3548 re
853 3499 909 3549 aas.
940 3485 1063 3564 merny,

182 3578 198 3604 tt
218 3573 223 3584 ⁶
279 3578 294 3604 rt

201 3588 1065 3721 dvdlmao,“meretuy‹”mec,ttttetto,eneaerotreqouo.te
