2444 4530
431 377 682 422 wasmuoroun
706 378 793 422 vrrs.
990 359 1053 422 215

170 543 258 586 meos
272 522 385 606 primos
397 522 638 606 reprehensuros
655 521 786 585 minime
800 519 929 583 dubito:
946 520 1053 603 siquis,

171 647 292 712 autem,
308 638 382 700 vere
407 634 526 712 doctus
548 646 580 697 et
604 634 642 698 de
667 635 763 696 literis
789 633 945 698 Romanis
970 635 1053 699 bene

170 750 312 826 meritus,
329 750 442 832 scripta
465 770 537 811 mea
552 748 684 811 laudare
700 747 856 830 dignetur,
872 768 970 831 opera
985 768 1054 831 pre·

170 863 252 925 tium
268 884 318 924 me
335 875 468 925 nactum
485 883 552 924 esse
568 863 696 947 putabo.

216 975 407 1038 Civitatum¹
422 975 648 1038 foederatarum
663 974 927 1039 Americanarum
947 972 1052 1036 litera-

169 1098 274 1150 turam
302 1090 336 1151 in
363 1089 469 1172 majus
496 1109 673 1173 promovere
705 1088 852 1150 conabar.
898 1087 1052 1150 Juvenes¹

169 1213 322 1264 nostrates
335 1202 393 1264 viri
415 1202 549 1264 maximi
563 1221 659 1284 quem
678 1211 760 1262 terra
778 1221 922 1283 unquam
937 1201 1052 1263 extulit

169 1315 269 1377 vitam
284 1315 383 1378 latine
399 1326 567 1377 exaratam
585 1313 744 1398 perlegere
759 1313 855 1377 volui.
904 1310 1050 1391 Quodsi,

168 1426 208 1489 de
233 1427 390 1490 laboribus
406 1428 519 1489 nostris
533 1429 616 1489 bona
631 1427 761 1489 fecerint
783 1425 897 1489 eruditi
919 1426 1051 1509 judicia,

168 1560 295 1601 summo
309 1561 366 1602 nos
381 1539 498 1602 honore
514 1540 640 1602 affectos
660 1539 921 1601 existimabimus.

215 1652 342 1728 Gratiae,
366 1653 502 1735 insuper,
523 1652 680 1728 maximae,
695 1651 724 1714 J.
742 1651 782 1714 N.
799 1649 971 1734 Reynolds‚
988 1649 1053 1712 exi-

168 1765 240 1827 miae
254 1765 321 1847 spei
333 1763 535 1840 adolescenti,
547 1764 659 1828 merito
673 1774 704 1826 et
715 1764 785 1847 jure
799 1763 974 1841 debentur;
997 1762 1052 1845 qui

168 1877 291 1962 primus
306 1876 347 1939 ad
359 1876 596 1959 Washingtonii
608 1877 708 1939 vitam
723 1876 839 1940 Latine
855 1874 1052 1938 scribendam

167 2010 224 2052 nos
239 1989 386 2072 impulit:
411 2010 469 2052 nec
484 2010 541 2052 nos
557 1989 672 2051 hortari
688 1989 816 2066 destitit,
832 2009 936 2071 usque
960 1988 1048 2066 dum,

167 2123 258 2186 opere
280 2101 408 2165 tandem
430 2104 574 2185 perfecto,
591 2114 752 2166 auctorem
775 2101 961 2164 muneribus
981 2122 1050 2164 am-

168 2214 312 2298 plissimis
327 2226 511 2298 prosecutus
525 2216 575 2277 sit.

198 2409 208 2445 1
227 2405 357 2464 munaum,
370 2407 420 2464 dea,
431 2403 465 2452 “l
480 2402 629 2451 endeavored
644 2408 669 2450 to
679 2401 787 2450 advenae
796 2401 837 2450 the
846 2400 965 2448 literature
975 2399 1003 2449 of
1013 2400 1053 2450 the

167 2479 257 2529 Unitad
272 2482 352 2528 States
363 2479 391 2527 of
402 2478 523 2539 Ameriae,
533 2479 566 2541 by
575 2477 705 2542 imparting
713 2483 738 2525 to
747 2476 822 2540 youth
836 2493 852 2524 a
860 2483 922 2525 teste
935 2476 971 2526 sor
985 2475 1053 2526 read·

166 2556 211 2622 ing
220 2557 261 2605 the
270 2555 309 2604 lile
318 2554 346 2604 of
357 2571 372 2603 a
382 2562 450 2619 great
459 2570 524 2615 man,
535 2554 629 2603 written
638 2553 664 2603 in
674 2571 690 2602 a
699 2552 788 2619 foreign
798 2553 940 2618 language.’'

198 2641 211 2678 a
225 2633 332 2693 Jovmar,
343 2635 392 2692 ba,
403 2631 435 2680 “I
446 2630 537 2680 wished
553 2631 605 2680 thot
619 2631 659 2680 the
672 2630 747 2694 youth
761 2630 790 2679 os
799 2647 843 2681 our
856 2637 957 2696 country
966 2629 1053 2682 should

168 2710 225 2761 read
240 2726 256 2757 a
269 2708 316 2770 lise,
327 2708 419 2758 written
434 2708 459 2758 in
470 2707 551 2770 Latia,
561 2707 590 2757 of
599 2708 640 2757 the
650 2714 754 2772 greatest
768 2724 826 2758 man
836 2707 915 2758 which
929 2709 970 2758 the
984 2708 1052 2760 earth

168 2803 225 2837 ever
240 2785 381 2852 produced.”
412 2784 704 2849 meermannianam
719 2786 759 2835 the
765 2788 851 2851 patrtd
860 2802 887 2836 or
897 2789 982 2851 gentile
997 2802 1050 2854 pro·

168 2880 235 2917 naun
244 2871 340 2915 nothas.
