2444 4530
166 281 208 344 02
420 293 671 341 wrsnrrrororrrr
694 291 782 337 rrrr.

166 441 357 518 obsidebant,
367 438 461 523 quod,
472 449 592 517 tamen,
602 438 794 514 Prestonius,
804 434 968 519 prefectus
978 433 1045 499 An·

167 555 280 638 glicus,
295 552 461 617 fortissime
476 551 623 615 defendit.
668 551 777 614 Morbo
791 548 906 612 ducem
921 547 1046 630 Schuy·

166 667 211 731 ler
226 668 266 729 ab
279 665 418 729 exercitu
433 662 581 728 decedere
597 673 739 745 cogente,
750 661 917 745 imperium
932 659 976 723 ad
989 660 1046 723 du·

167 801 236 844 cem
252 781 473 861 Montgomery
483 777 619 854 devenit,
630 776 683 859 qui
694 787 760 838 tam
771 774 885 838 acriter
895 793 1046 856 aggerem

166 890 295 969 obsedit,
310 901 356 968 ut,
374 911 489 974 paucos
505 890 587 952 intra
601 888 678 964 dies,
689 886 917 973 propugnaculi
931 886 1047 970 potitus

166 1003 215 1066 sit.
263 1003 365 1088 Capto
384 1003 453 1066 loco
474 1001 543 1078 isto,
567 999 608 1064 ed
630 1000 773 1064 Montcm
794 1000 949 1082 Regium¹
973 1018 1047 1061 cum

166 1115 306 1178 exercitu
322 1115 437 1178 victore
460 1113 682 1196 Montgomery
697 1113 842 1197 perrexit.
889 1112 975 1176 Cum
993 1133 1047 1197 op·

166 1227 240 1313 pido
255 1228 523 1313 appropinquaret,
537 1247 644 1311 paucae
659 1226 848 1289 Britannicae
863 1225 969 1310 copiae,
980 1245 1049 1308 qun

166 1339 308 1426 praesidio
322 1342 458 1419 fuerant,
471 1339 504 1401 in
517 1337 628 1401 salutis
640 1357 727 1421 spem
742 1359 840 1401 naves
853 1338 970 1422 petiere
983 1359 991 1415 ;
1016 1348 1050 1401 at

167 1453 327 1518 atribuno
341 1452 472 1529 Euston,
488 1451 541 1534 qui
556 1449 734 1535 manipulos
749 1450 918 1513 nonnullae
938 1450 1049 1514 ducta-

166 1566 233 1643 bat,
248 1587 308 1649 quo
321 1566 427 1630 minus
444 1564 576 1628 fluvium
591 1563 724 1627 navibus
740 1561 976 1642 descenderent,
992 1563 1050 1626 im·

168 1680 380 1764 pediebantur.
428 1678 504 1742 Dux
526 1677 700 1741 Prescotius
721 1674 952 1760 cumpluribus
974 1696 1050 1760 prae·

167 1792 268 1868 fectis,
284 1803 474 1871 centumque
497 1788 611 1870 viginti
634 1788 784 1852 militibus
808 1789 958 1871 gregariis
981 1810 1050 1853 sese

168 1900 368 1978 dediderunt3
383 1901 520 1982 Duxque
532 1900 750 1978 Americanus,
758 1900 896 1986 prasidio
906 1900 949 1965 ad
959 1903 1051 1967 Mon·

167 2023 234 2076 tem
250 2011 389 2094 Regium
404 2012 521 2089 relicto,
534 2012 575 2075 ad
587 2014 696 2075 urbem
709 2013 850 2078 Canadoe
862 2015 1050 2100 prtecipuam

168 2145 265 2209 quarn
280 2124 428 2187 maximis
443 2125 605 2190 itineribus
620 2127 790 2191 contendit.

213 2239 368 2322 Tempore
380 2259 441 2321 quo
451 2238 613 2302 victoriam
626 2240 847 2325 Montgomery
858 2252 923 2305 tam
935 2242 1051 2309 acriter

163 2362 348 2430 sectaretur,
364 2352 525 2437 provincia
538 2351 735 2416 Canadensis
750 2355 790 2417 ab
805 2356 893 2419 hoste
908 2376 971 2418 non
990 2357 1052 2421 mi·

169 2469 230 2533 nds
255 2487 292 2530 ac
314 2467 537 2550 Montgomery
558 2465 627 2529 forti
651 2466 849 2550 interritoque
874 2468 1048 2552 petebatur.

169 2580 259 2646 Mille
282 2578 447 2643 hominum
469 2579 508 2644 de
524 2581 661 2644 exercitu
677 2580 866 2644 Americano
883 2581 1051 2645 Cantabri·

151 2693 232 2774 'gite
258 2701 335 2752 tunc
360 2693 507 2774 temporis
532 2693 617 2776 apud
646 2691 828 2775 Novanglos
858 2692 1049 2772 considente,

169 2800 460 2884 aWashingtonio
484 2804 527 2866 ad
552 2804 718 2869 canadam
743 2804 924 2890 pacandam
950 2807 1039 2869 missi

171 2914 273 2979 Hicce
295 2913 479 2997 manipulus
496 2917 618 2980 tribuno
632 2917 764 3000 legionis
779 2917 930 2982 Arnoldio
945 2917 1050 2997 datus,

169 3027 223 3111 qui
233 3026 337 3109 copias
347 3026 457 3090 itinere
467 3027 608 3091 nondum
619 3041 739 3094 tentato
749 3053 802 3116 per
812 3030 1049 3094 desertaduxit:
1086 3051 1091 3059 ·

170 3139 370 3203 difficultates
392 3160 519 3222 magna
543 3161 621 3222 quas
645 3141 698 3204 hic
721 3144 901 3228 manipulus
921 3164 974 3228 per
997 3143 1037 3207 tri

171 3251 261 3334 ginta
275 3251 341 3314 dies
357 3251 459 3329 subiit,
474 3254 539 3316 fere
554 3252 821 3335 inexsuperabiles
836 3259 935 3320 fuere.

215 3363 350 3428 Flumen
365 3363 627 3428 Kennebeckium
639 3364 781 3428 lintribus
793 3368 883 3431 factis
901 3366 1037 3432 ascende

172 3485 255 3554 runt,
272 3487 304 3538 ct
326 3475 473 3539 adversus
498 3477 614 3539 flumen
629 3479 782 3559 navigare
806 3481 913 3544 coacti.
960 3479 1051 3544 Mala

317 3622 327 3661 Ι
342 3616 446 3667 umnam
454 3616 562 3681 chtttm,
574 3620 588 3647 “
594 3616 740 3680 Montreal‚”
750 3615 776 3668 in
785 3617 893 3670 emta
