2444 4530
167 359 211 425 98
425 373 677 423 wrsurrrarorrrr
700 374 787 419 rm·

168 521 283 600 boetea,
296 519 390 606 juxta
402 521 453 582 ae¹
464 516 548 581 eirea
559 516 741 582 Americani
754 514 851 598 longe
863 514 958 581 aliter
972 520 1054 586 aeti.

167 635 309 700 mabant.
351 631 444 695 Error
457 629 526 706 iste,
542 648 562 691 a
576 627 829 710 Waahingtonio‚
845 613 965 713 quippe
985 632 1054 714 qui⁸

167 743 380 811 multitudinis
394 761 522 824 magnae
531 740 682 825 epeoiam⁸
693 741 826 824 proebere
839 741 1052 820 avebateon.

167 859 250 923 sulto
272 855 444 920 fovebatur.
482 853 648 931 Praefectis,
669 853 704 916 in
721 852 808 930 loeis,
823 860 888 935 quo
910 853 1051 921 hostium

167 969 265 1053 eopia
284 967 416 1031 minime
440 965 590 1029 accedere
610 975 762 1050 poterant,
777 964 946 1050 dispositis,
967 988 1051 1033 eom·

167 1092 295 1149 meatus
316 1080 463 1144 invicem⁴
479 1078 629 1143 facillime
644 1077 811 1144 dabantur.
856 1079 962 1159 Error,
976 1102 1052 1165 quo·

166 1213 241 1278 que,
251 1214 313 1277 quo
323 1190 634 1268 laborabanthoetes,
644 1189 683 1254 de
695 1211 768 1254 vero
777 1189 918 1255 militum
929 1192 1052 1258 Ameri-

166 1326 321 1379 eanorum
335 1325 478 1381 numero*
490 1302 770 1384 Wasbingtonium
785 1301 919 1387 ejusque
930 1307 1052 1374 ,exerei-

167 1430 241 1484 tum
261 1419 301 1482 ab
327 1417 413 1482 omni
437 1417 559 1501 impetu
582 1414 688 1481 hostili
713 1426 821 1479 tutum
845 1436 1052 1502 securumque

169 1531 312 1598 reddidit.
797 1547 799 1551 ’

169 1684 173 1693 -
215 1645 303 1710 Dum
317 1645 479 1729 regionem
493 1644 584 1708 illam
598 1643 713 1729 passim
726 1641 945 1709 lustrabantur
960 1645 1051 1730 eope

170 1757 329 1835 colonica,
346 1758 488 1821 Britones
508 1756 697 1841 populatum
712 1766 868 1820 exeuntes
883 1758 1052 1835 vexabant,

167 1867 314 1950 intraque
344 1870 423 1931 fines
449 1866 583 1949 exiguos
606 1889 676 1931 sese
702 1868 860 1932 continere
887 1869 1052 1952 cogebant

167 1977 412 2041 Velitationibue
437 1978 598 2042 nonnullis
620 1978 700 2043 duos
719 1981 799 2044 inter
814 1980 974 2045 exereitus
997 1979 1055 2045 eli-

169 2089 312 2175 quandiir
327 2090 430 2168 laetis,
445 2089 547 2154 hieme
562 2090 683 2175 reliqua
699 2092 844 2157 traducta
858 2103 917 2158 eet.
1017 2141 1021 2147 ·
1043 2128 1048 2137 ·

215 2204 285 2269 Etsi
304 2203 373 2289 jam
389 2205 495 2281 antea,
511 2202 572 2268 hoo
586 2203 674 2282 libro,
690 2205 766 2268 satis
780 2205 883 2268 multa
897 2204 938 2271 da
958 2204 1055 2290 hujus

172 2318 249 2382 anni
269 2318 360 2381 rebus
384 2317 479 2400 gestis
502 2315 587 2380 dieta
602 2317 675 2395 sint,
690 2339 805 2403 pauca,
823 2329 939 2395 tamen,
956 2317 1055 2383 disee·

170 2454 247 2512 rere,
271 2443 303 2496 et
327 2431 435 2518 paullo
461 2430 555 2495 altius
580 2430 726 2513 quadam
755 2442 903 2515 repetere,
928 2439 1056 2514 tempus

170 2545 345 2609 admonuit.
392 2545 523 2627 Magna
539 2555 629 2607 erant
642 2542 843 2607 difficultates
854 2563 930 2606 eum
942 2543 1054 2626 quibua

171 2655 419 2719 conflictandum
447 2667 513 2719 erat
539 2655 792 2738 Waehingtonio‚
814 2656 852 2718 ob
880 2657 1055 2719 exereitum

170 2766 417 2833 sustentandum
439 2789 478 2830 ae
501 2768 712 2832 vestiendum.
759 2767 828 2845 Ha,
851 2778 971 2846 autem,
992 2789 1055 2832 non

169 2876 245 2939 aoloe
269 2887 358 2939 erant
378 2899 447 2960 quae
471 2879 557 2943 heroi
580 2891 695 2957 nostro,
713 2880 774 2943 hoe
798 2890 945 2963 tempore,
963 2880 1056 2944 undi-

172 3008 235 3071 que
260 2989 431 3053 instabant.
478 2991 713 3074 Pennsylvania
738 3002 771 3055 et
796 2992 940 3056 Caesarea
965 2993 1057 3056 Nova

172 3120 249 3165 eum
272 3102 367 3165 enixe
388 3112 419 3163 et
434 3107 627 3186 magnopere
643 3106 841 3188 flagitabant,
857 3115 895 3167 ut
915 3104 1056 3169 hostium

173 3214 367 3278 incursiones
394 3233 413 3274 a
436 3212 580 3277 domibus
601 3217 667 3279 suis
694 3218 894 3302 propulsaret.
941 3217 1002 3281 His
1022 3217 1056 3280 in

174 3325 353 3389 civitatibus
375 3324 478 3408 plures
501 3327 602 3401 fuere,
622 3327 674 3407 qui
699 3328 891 3393 damnorum
914 3329 1056 3414 pristino-

205 3473 214 3507 1
230 3465 302 3514 ruera
311 3481 344 3526 aa,
356 3467 371 3492 “
379 3480 407 3512 as
414 3464 467 3513 well
478 3468 528 3512 as.”

205 3550 218 3587 a
234 3543 323 3604 Quippe
333 3544 380 3604 qui,
391 3545 406 3569 “
414 3540 499 3603 ainoe‚”
510 3541 559 3603 ie„
570 3557 598 3591 ae
608 3557 653 3592 ona
663 3542 725 3604 who,
736 3559 763 3592 ae
772 3543 845 3610 being
854 3559 900 3596 one
911 3543 974 3596 who.

205 3628 218 3664 ⁸
234 3620 342 3682 spara,
353 3622 368 3647 “
375 3618 413 3669 the
424 3619 514 3680 show,”
524 3634 550 3668 or
560 3634 714 3684 appearance.

206 3694 834 3762 «compatrasteommunioationtoandlrw
