2444 4530
425 357 673 404 wntulltdt'oltu
697 356 786 402 vrri.
1001 339 1043 404 ts

168 525 347 588 nomenque
360 504 395 567 in
407 502 572 567 discrimen
583 505 671 580 feret,
681 501 762 566 mihi
774 497 912 576 eveniet,
924 518 1045 576 omncs,
1145 488 1147 493 ’

170 617 224 700 qui
239 617 364 693 adsunt,
378 615 471 679 hodie
485 615 619 678 monitos
633 614 737 690 velim,
752 633 815 688 me,
831 611 970 694 imperio,
984 628 1047 692 quo

169 727 354 791 honestatus
363 749 443 806 sum,
451 729 531 791 vires
540 728 695 791 inferiores
704 748 772 790 esse
783 725 931 791 confiteri.
960 725 1048 799 Quo-

169 840 209 904 ad
222 841 424 925 stipendium,
440 842 576 906 Domine
590 843 715 918 Proeses,
730 841 940 923 congressum
956 837 1047 904 certi·

166 974 253 1017 orem
266 955 336 1018 fieri
349 954 428 1032 volo,
444 974 554 1036 quum,
571 954 662 1017 nulle
676 955 816 1037 pecunie
835 953 983 1018 aviditate
997 953 1047 1014 in·

167 1062 291 1143 ductus,
304 1066 470 1149 imperium
482 1077 551 1128 tom
564 1065 699 1129 erduum
715 1067 895 1150 acceperim,
907 1077 1049 1129 tantum·

167 1196 228 1258 que
252 1177 307 1239 otii
328 1179 441 1261 privati
462 1189 498 1240 et·
515 1178 677 1242 felicitatis
696 1177 889 1263 dispendium
911 1181 1048 1257 fecerim,

168 1287 223 1366 its,
239 1309 281 1352 ex
296 1288 513 1374 designatione
530 1295 616 1368 med,
631 1291 810 1356 lucrifacere
826 1314 948 1379 prorsus
962 1294 984 1358 d
997 1312 1050 1354 me

168 1401 308 1465 alienum
325 1423 402 1467 esse.
449 1406 646 1488 Sumptuum
658 1404 832 1483 rationem,¹
842 1426 940 1489 quarn
956 1404 1051 1468 veris·

170 1513 252 1577 sime
272 1525 388 1598 potero,
405 1517 520 1578 tenebo
532 1517 775 1595 r-Pecuniam,
790 1538 889 1600 quem
910 1519 942 1580 in
967 1536 1053 1579 com·

172 1624 268 1687 moda
294 1625 432 1709 publice,
457 1628 632 1691 necessarie
660 1626 877 1712 impenderim,
902 1627 993 1703 mihi,
1017 1636 1054 1688 ut

174 1756 272 1820 spero,
289 1738 374 1801 cives
389 1739 451 1801 mei
466 1739 662 1823 persolvent:
687 1739 748 1804 hoc
763 1740 844 1803 mihi
859 1739 984 1816 sufficit,
995 1757 1054 1802 neo

176 1848 389 1931 congressum
403 1850 539 1934 largiora
553 1852 696 1935 flegit0.”

215 1961 366 2026 Postridie
391 1963 459 2047 ejus
484 1962 556 2042 diei,
580 1964 718 2050 diploma
742 1964 900 2050 speciale,¹
923 1966 946 2030 d
968 1964 1054 2028 Con-

174 2095 282 2156 gressu
296 2075 522 2140 foederstcrum
535 2077 732 2141 coloniarum
744 2078 987 2161 Washingtonio
999 2076 1055 2141 dc·

173 2197 254 2264 tum,
270 2189 304 2251 in
326 2209 399 2272 quo,
413 2190 570 2274 praecipue
586 2202 723 2254 cautum
743 2202 820 2268 eret,
834 2210 875 2253 ne
901 2189 978 2272 quid
1001 2188 1056 2253 dc-

175 2300 313 2363 trimenti
341 2301 468 2364 libertas
504 2301 696 2366 Americnna
724 2312 857 2383 caperet
903 2301 1008 2363 Simul
1035 2302 1058 2364 o

176 2411 357 2492 congressu
368 2412 540 2488 decretum,
552 2419 571 2449 “
579 2410 904 2489 seWeshingtonium
914 2410 1059 2472 omnibus

178 2522 386 2585 facultatibus
414 2522 611 2602 fortunisque
641 2520 813 2602 adjuturos,
843 2519 879 2582 in
916 2519 1060 2584 libertate

176 2633 374 2701 Americano
389 2630 605 2696 sustinenda?
651 2632 688 2694 ln
704 2630 862 2695 mundetis
879 2643 957 2710 eret,
973 2653 1061 2696 exer·

179 2745 280 2809 citum
301 2745 443 2809 ordinare
465 2755 498 2806 et
513 2743 674 2828 disponere
690 2757 781 2828 prout
802 2745 832 2808 ei
853 2745 1059 2808 utilissimum

177 2859 266 2920 factu
281 2856 463 2934 videretur;
487 2856 644 2939 simulque
658 2877 779 2933 cavere,
789 2877 834 2919 ,ne
847 2856 920 2940 juro
935 2859 1060 2921 Ameri-

209 3066 218 3100 ¹
236 3057 501 3122 Sumpteumrntlonem.
533 3055 746 3108 “Anscconntos
757 3062 900 3123 expensesr”
915 3058 1058 3110 hisdisinte·

178 3135 313 3185 restedness
323 3132 426 3183 induced
435 3133 483 3182 him
493 3140 517 3184 to
526 3133 616 3184 decline
625 3134 656 3184 ull
667 3134 797 3200 pecuniury
807 3135 992 3200 compensation,
1003 3152 1060 3186 seve

180 3210 228 3262 end
238 3218 322 3274 except
330 3209 503 3275 indispensnble
511 3227 638 3276 expensos:
656 3212 731 3274 these,
741 3211 772 3261 lie
781 3212 880 3274 trusted,
889 3212 927 3261 his
939 3217 1060 3278 country’s

179 3289 339 3338 munificence
348 3285 426 3338 would
436 3289 569 3355 eventuelly
578 3289 710 3355 discharge.

211 3374 223 3408 t
238 3366 344 3428 Diploms
350 3367 449 3428 pertale,
461 3368 475 3394 ‘⁴
483 3382 498 3415 a
506 3365 593 3431 speciei
601 3383 627 3416 or
634 3366 761 3431 particular
768 3365 920 3416 commission
928 3369 951 3429 ;”
966 3364 1059 3415 Wsslr·

180 3440 285 3506 ington’s
299 3441 449 3493 commission
459 3457 510 3492 was
520 3440 592 3492 dated
602 3442 667 3493 June
679 3445 714 3504 17,
727 3445 793 3506 1775,
804 3444 852 3493 md
863 3441 946 3508 signed
955 3444 988 3508 by
997 3441 1060 3505 Pey-

181 3525 223 3568 ton
233 3516 366 3584 Randolph,
376 3535 404 3568 ns
414 3518 539 3584 president,
547 3519 596 3568 end
605 3519 706 3569 Cherles
715 3520 848 3582 Thomson,
859 3537 886 3568 es
897 3526 1021 3580 seeretery,
1030 3512 1059 3566 os

180 3595 222 3645 the
231 3595 350 3661 Congress
359 3595 387 3644 of
394 3597 434 3646 the
442 3596 532 3646 United
541 3596 670 3659 colonias,
687 3595 706 3646 it
715 3613 767 3646 was
777 3597 886 3664 resigned
895 3603 920 3645 to
929 3595 1061 3658 Congreu,

179 3671 241 3722 from
250 3672 329 3724 whom
338 3671 499 3742 itemenctcd,
509 3679 536 3723 et
545 3672 687 3740 Annepolir,
696 3673 722 3724 in
733 3675 799 3724 nst
