2444 4530
165 332 207 396 48
422 340 674 390 wrssrnoronn
698 340 785 386 vrrs.

166 514 249 557 cana
273 488 641 555 imminuanturr-Sub
664 486 741 551 Julii
765 483 884 547 mensis
909 482 1050 560 initium,

165 597 1053 687 WashingtoniusCantebrigiamspudNovanglospro·

166 720 269 781 fectus
292 727 349 795 est,
372 726 410 778 ut
431 715 586 779 exercitlls
605 712 789 778 Americani
812 711 981 795 imperium
997 731 1052 775 ca·

167 839 313 914 pesseret.

213 941 353 1006 Consilia
361 938 583 1006 PublicaNovi
594 934 738 1014 Eboraci,
751 946 783 999 et
790 936 1051 1016 Massachusetts,

168 1051 198 1116 ei
209 1053 249 1116 de
262 1053 390 1138 imperio
402 1050 652 1135 gratulabuntur.
700 1049 786 1112 Cum
795 1047 838 1110 ad
850 1058 952 1111 castra
967 1049 1053 1113 Can·

168 1162 371 1246 tabrigiensia
392 1161 596 1247 pervenisset,
621 1180 748 1224 summo
775 1159 901 1244 gaudio,
928 1160 1054 1224 laetitia·

169 1296 243 1359 que,
258 1277 298 1339 ab
313 1276 453 1339 exercitu
468 1284 623 1357 receptus.
671 1272 788 1357 Copias
808 1271 911 1356 regias
924 1273 957 1335 in
972 1273 1054 1337 colle

170 1388 332 1454 Bunkerio
348 1387 535 1464 consedisse,
552 1386 714 1468 tribusque
736 1384 983 1469 propugnaculis
1004 1385 1054 1448 in-

169 1501 353 1565 natantibus
376 1500 528 1577 munitas,
543 1498 699 1562 colonicas
714 1517 787 1561 vero
802 1497 932 1560 collibus
954 1497 1055 1561 tribus

170 1613 295 1677 vallum
322 1632 539 1697 aggeremque
569 1609 761 1694 praeduxisse
790 1609 919 1674 invenit.
964 1610 1055 1674 Cum

171 1726 265 1809 copia
289 1725 435 1789 colonicae
457 1723 550 1786 solito
573 1723 753 1804 agrestique
776 1723 893 1785 vestitu
917 1721 958 1786 ad
984 1743 1056 1787 cas·

170 1848 220 1899 tra
242 1837 457 1912 accessissent,
474 1832 642 1916 chlamyde
656 1834 817 1912 venetica,
833 1834 1055 1918 aequabilitatis

171 1949 281 2023 causa,
297 1965 351 2008 eas
365 1945 456 2008 indui
467 1944 571 2028 jussit.
617 1944 879 2028 Washingtonius
895 1965 1056 2029 magnum

171 2059 342 2124 hominum
364 2075 536 2120 numerum
550 2057 668 2120 ratione
684 2058 834 2122 castrensi
856 2058 943 2123 male
965 2057 1056 2122 insti·

172 2182 291 2249 tutum,
303 2170 397 2234 armis
409 2169 546 2252 bellique
557 2181 710 2255 apparatu
723 2169 811 2234 haud
825 2172 906 2234 bene
920 2171 1054 2234 instruc·

172 2296 254 2362 tum,
262 2284 421 2369 comperit.
457 2284 621 2361 Praeterea,
632 2283 856 2346 machinarum
866 2283 1055 2345 bellicarum

172 2400 316 2477 artifices,
332 2399 607 2480 instrumentaque
628 2394 850 2480 cujuscunque
872 2393 991 2478 generis
1013 2393 1057 2458 ad

173 2511 413 2598 propugnacula
424 2509 580 2588 iacienda,
592 2510 652 2573 illis
663 2508 844 2573 defuerunt.
877 2507 1055 2585 Exercitus,

174 2631 275 2708 porro,
291 2644 332 2685 ex
347 2633 415 2684 tam
430 2623 525 2686 variis
540 2623 674 2687 ducibus
688 2620 915 2706 provinciisque
931 2641 1058 2706 compo·

173 2733 264 2809 situs,
273 2731 314 2795 ad
325 2731 698 2815 disciplinammiliterem
706 2733 866 2817 aegerrime
877 2731 1055 2798 traductus.

176 2844 283 2908 Duces
307 2841 453 2920 audaces,
473 2843 662 2908 hostilitatis¹
678 2845 776 2924 initio,
795 2865 862 2908 sese
884 2843 1058 2927 insignive-

175 2965 256 3031 rant,
270 2952 514 3037 deductoresque
525 2956 581 3018 sibi
593 2955 670 3019 adeo
683 2957 844 3020 obnoxios¹
858 2959 1007 3034 fecerant,
1020 2968 1058 3019 ut

176 3065 371 3150 bpraefectis,
387 3065 446 3129 nisi
460 3087 518 3130 suo
532 3065 670 3151 ipsorum
685 3068 791 3132 electu
807 3068 968 3133 constituti
985 3071 1057 3132 fue·

176 3178 247 3255 rint,
263 3177 355 3262 dirigi
369 3179 528 3242 nolebant.

208 3399 217 3434 ¹
233 3393 387 3443 Hostllitstlc:
404 3393 529 3459 “hostility
537 3399 560 3458 ;”
573 3393 619 3444 this
624 3409 697 3456 noun,
705 3393 819 3460 although
826 3394 888 3460 good
898 3397 979 3459 Latin,
985 3396 1006 3447 is
1016 3403 1059 3449 not

176 3468 236 3522 used
252 3470 285 3535 by
294 3486 343 3535 my
351 3469 443 3534 classic,
454 3479 478 3522 to
488 3488 529 3537 my
538 3471 692 3533 moollection,
703 3470 760 3520 with
772 3471 812 3521 the
828 3473 988 3537 exceptiones
999 3475 1057 3523 Ser·

177 3564 232 3598 occ:
243 3546 315 3613 being
321 3546 415 3597 derived
425 3547 483 3598 srom
492 3550 567 3610 bostis,
575 3548 653 3598 which
662 3548 782 3615 andentiy
788 3548 903 3615 signified,
911 3551 1057 3616 asoreignoe.

205 3633 219 3670 1
238 3627 354 3688 distortos,
366 3628 381 3654 ‘¹
388 3624 497 3677 sttsdred
507 3633 531 3676 to
541 3626 599 3677 their
608 3631 730 3693 persons.”
