2444 4530
427 392 676 437 wnsumsromr
698 392 786 437 vira.
1005 372 1043 436 41

169 537 260 600 fectis
284 535 532 621 provincialibus,
558 557 715 599 armorum
744 536 978 619 ignivomorum
1006 533 1048 598 ad

171 668 278 727 usum,
294 649 505 712 exercebatur.
550 650 690 732 Legatus
704 649 891 725 Pitcairnus,
906 648 961 731 qui
977 667 1047 710 ma·

170 761 278 844 nipulo
301 762 481 825 Britannico
501 762 635 854 prefuit,
654 765 864 844 magnivoce
886 760 1046 837 clamavit,

170 874 308 957 “fugite,
323 875 461 952 rebelles,
477 895 565 937 arma
581 874 715 958 abjicite,
728 874 826 958 inque
848 877 963 957 fugam
976 873 1063 937 vos?

168 987 314 1071 metipsos
329 988 490 1072 abripite.”
535 987 652 1051 Militia
666 986 844 1071 provinciali
855 985 966 1050 iisdem
977 1008 1047 1049 ves-

168 1097 251 1180 tigiis
262 1098 445 1178 inhaerente,
456 1099 590 1182 locoque
603 1098 713 1162 cedere
724 1097 860 1175 nolente,
870 1098 1048 1162 Pitcairnus

167 1210 280 1274 milites
295 1212 397 1294 regios
411 1211 557 1275 militiam
572 1210 794 1295 provincialem
809 1211 903 1273 armis
924 1211 1048 1294 ignivo-

167 1322 228 1384 mis
242 1333 347 1406 petere
358 1323 464 1408 jussit,
479 1323 594 1405 quibus
609 1321 760 1405 displosis,
772 1322 866 1385 multi
873 1342 921 1385 ex
936 1323 1049 1385 Amer-

168 1433 266 1497 icanis
289 1444 347 1496 aut
367 1413 534 1509 interfecti,
550 1443 608 1494 aut
624 1431 780 1494 vulnerati
801 1443 887 1495 sunt.
934 1433 1051 1516 Copias

169 1544 243 1608 inde
266 1543 477 1608 Concordiam
500 1543 604 1620 duxit,
620 1543 674 1606 ubi
690 1543 765 1606 belli
778 1542 989 1607 instrumenta
1008 1544 1051 1607 ibi

169 1656 331 1721 recondita
343 1655 447 1720 deleta
462 1666 547 1718 sunt.
592 1655 709 1718 Militia
723 1654 865 1718 colonica
877 1665 986 1717 contra
1001 1676 1053 1718 co-

169 1768 239 1853 pias
260 1768 362 1851 regias
386 1767 539 1831 acerrime
564 1766 762 1844 velitabatur,
788 1770 855 1848 qua
882 1766 1051 1830 certatione

146 1872 262 1943 =multi
289 1880 436 1963 utrinque
459 1879 561 1943 occisi.
610 1879 724 1963 Copias
745 1879 859 1961 regias>
870 1877 1049 1942 Concordia

166 2013 235 2056 sese
250 1992 496 2076 Lexingtoniam
510 1991 702 2075 recipientes,
718 2012 772 2075 per
788 1991 847 2054 ¹serr
862 1991 1049 2054 milliarium

166 2105 314 2189 spatium,
326 2125 444 2189 magno
458 2105 582 2190 impetu
595 2104 842 2186 insequebantur
854 2103 1051 2180 Americani,

166 2217 231 2300 qui,
247 2217 285 2280 de
299 2216 430 2302 lapideis
444 2216 553 2295 muris,
571 2216 644 2293 tuti,
660 2237 715 2279 eas
729 2216 812 2279 mira
827 2215 987 2278 celeritate
1000 2215 1052 2278 in-

166 2329 324 2407 cedentes,
337 2329 423 2392 omni
441 2329 578 2392 telorum
596 2349 724 2410 genere,
739 2327 899 2409 petebant.
946 2327 1052 2409 Copiis

165 2441 261 2522 regiis
269 2440 481 2502 laborantibus
492 2447 636 2501 recentes
646 2435 794 2498 nonnulli
806 2433 969 2516 manipuli,
978 2455 1053 2498 cum

168 2551 293 2615 duobus
322 2548 485 2612 tormentis
511 2547 708 2631 majoribus,¹
732 2543 951 2628 Lexingtoniae
980 2545 1055 2608 sub·

168 2662 347 2727 veniebant.

212 2776 280 2840 Sub
302 2774 381 2840 Maii
408 2772 526 2837 mensis
551 2772 657 2848 finem,
672 2769 764 2854 regie
788 2769 885 2854 copiae
909 2768 1051 2854 plurima

168 2888 352 2952 Bostoniam
375 2884 603 2961 adventabant,
626 2884 738 2962 Howe,
759 2884 939 2966 Burgoyne,
962 2883 1052 2948 clin-

170 3000 329 3083 tonioque,
351 2997 487 3062 ducibus
509 2995 643 3078 inclytis,
666 2997 904 3081 imperantibus.
951 2996 1052 3062 Haud

168 3111 266 3195 longe
279 3133 299 3174 a
311 3111 473 3188 Bostcnib,
489 3109 585 3188 collis,
597 3110 724 3174 nomine
739 3109 881 3187 Bunker,
897 3111 977 3174 situs
992 3122 1051 3188 est,

170 3244 267 3307 quem
296 3223 476 3287 colonorum
504 3223 699 3308 manipulus,
725 3221 815 3286 Junii
848 3221 898 3286 die
928 3220 1052 3286 decimo

170 3346 272 3413 sexto,
294 3335 385 3419 cepit,
407 3355 544 3419 eumque
567 3336 693 3398 munire
715 3333 872 3412 instituit;
896 3338 1052 3417 tantbque

202 3534 212 3568 ¹
234 3529 360 3577 Tmolia
375 3529 505 3594 majoribus.
540 3528 579 3594 By
593 3529 661 3579 these
677 3544 717 3577 ara
736 3528 839 3595 impliod,
856 3531 1011 3589 “cannonsss'
1025 3538 1053 3576 οι·

170 3607 257 3668 “great
266 3608 350 3669 ἕω
360 3605 388 3654 os
397 3621 446 3672 any
455 3605 572 3671 capacity,
581 3605 608 3655 in
617 3605 697 3656 which
712 3621 780 3656 sense
796 3607 853 3672 they
863 3605 912 3656 will
928 3607 958 3654 bo
967 3601 1052 3652 tarder-

170 3680 239 3732 ttood
249 3681 390 3750 throughout
398 3683 438 3736 the
448 3683 523 3734 work.

573 3767 617 3815 Di
