2444 4530
427 383 678 431 wreurucroun
700 384 789 431 vrrs.
1007 364 1049 429 87

169 549 257 607 men,
272 528 537 593 Americanorum
559 528 731 592 adrentum
745 549 811 592 non
830 528 914 613 priua
933 528 1050 592 sentie-

169 642 258 719 bant,
275 664 373 724 quam
387 643 487 705 ineos
500 662 521 704 a
535 642 630 725 copiis
645 642 792 706 colonicis
806 652 962 704 tormenta
981 640 1050 704 bel·

169 753 244 832 lica,
263 766 295 818 et
310 755 459 839 cujusque
475 754 598 838 generis
613 775 703 818 arma
723 755 885 838 ignivoma
898 754 997 817 misac
1016 762 1050 816 et

170 866 304 951 displosa
319 871 417 932 fuere.
494 924 496 928 Α

212 980 286 1059 illi,¹
300 992 418 1058 tamen,
433 980 569 1043 nominis
592 979 764 1043 Britannici
778 979 960 1063 virtutisque
981 976 1048 1042 bel-

165 1089 233 1155 licae
244 1095 400 1177 majorum
410 1092 501 1156 haud
511 1093 843 1169 immemores‚fortiter
853 1093 1047 1168 resistebant,

167 1216 210 1283 at,
225 1226 335 1269 eorum
350 1206 432 1269 duce
452 1205 566 1283 occiso,
589 1205 729 1290 plerique
746 1204 871 1283 milites,
886 1205 1049 1268 interfecto

166 1316 361 1401 imperatore,
385 1318 474 1383 haud
493 1319 562 1402 jam
584 1317 720 1402 amplius
742 1328 867 1395 certare,
888 1328 945 1380 aut
967 1317 1050 1380 vitae

166 1428 306 1493 hostium
328 1431 399 1493 telis
420 1431 579 1514 objectare
598 1430 755 1493 volebant.
801 1431 958 1505 Quocirca
980 1428 1052 1492 hoa·

168 1540 251 1603 tium
265 1542 352 1604 mille
368 1562 436 1604 sese
451 1542 696 1624 Waehingtonio
710 1562 750 1604 eo
762 1541 812 1604 die
828 1540 1023 1605 dediderunt.

216 1653 288 1727 Quo
311 1653 415 1738 praelio
437 1655 529 1732 sacto,
546 1675 594 1718 ree
615 1653 887 1719 Americanorum
908 1652 998 1729 loetae,
1014 1672 1053 1716 ac

170 1786 240 1848 spes
252 1764 356 1830 multo
368 1766 535 1849 jucundior
546 1788 613 1831 csse
626 1775 799 1850 coeperunt.
847 1765 944 1829 Hisce
956 1763 1052 1848 copiiu

169 1879 253 1965 regis¹
266 1879 440 1942 Britannici
455 1878 683 1957 conductitia,²
695 1900 765 1962 quae
780 1877 909 1942 coloniis
924 1887 1050 1940 tentum

167 1997 273 2056 mettis
298 1992 514 2075 malorumque
538 2012 753 2077 sepenumero
779 1989 963 2068 intulerant,
992 1999 1051 2053 aut

167 2105 277 2168 occisis
290 2116 346 2167 aut
362 2105 468 2189 captis,
480 2106 581 2167 omnis
595 2106 683 2168 urbis
696 2105 853 2189 primaria
866 2101 1050 2166 amittenda

167 2232 271 2280 metus
285 2217 392 2302 procul
406 2217 571 2282 teotonis·
581 2229 718 2280 amotus.
764 2216 831 2280 Nec
844 2214 985 2292 deerant,
995 2212 1052 2296 qiu*

168 2329 254 2393 hunc
267 2341 333 2392 tam
343 2330 536 2413 insperatum
545 2347 733 2391 successum
742 2327 812 2388 Deo
821 2327 938 2408 optimo
947 2325 1053 2387 maxi·

167 2462 232 2519 mo,
249 2443 304 2524 qui
318 2444 404 2524 sape
416 2440 561 2502 humiles
572 2439 666 2514 tollit,
681 2436 887 2518 irmignesque
901 2435 1053 2520 deprimit,

172 2555 310 2617 tribuere
324 2551 512 2614 dubitarent.

218 2666 354 2731 Flumen
370 2659 812 2743 DelawareWeshingtonius
829 2661 947 2727 iterum
961 2662 1054 2747 traje-

173 2780 225 2858 cit,
236 2779 415 2861 reditusque
426 2776 460 2840 in
473 2776 610 2853 urbem,⁴
619 2794 693 2838 cum
707 2784 774 2837 tam
787 2775 896 2838 multis
911 2776 1052 2861 captivis,

173 2895 328 2978 gaudium
343 2893 458 2974 ingene
472 2910 527 2974 per
539 2909 647 2951 omnes
660 2887 782 2953 ordines
794 2889 919 2952 excivit.
965 2890 1053 2953 Tan·

173 3021 240 3071 tam
256 3017 478 3070 veteranorum
493 3022 624 3064 manum
639 3001 677 3065 de
693 3002 857 3086 improviso
872 3002 1054 3086 opprimere,

206 3216 215 3250 ¹
231 3209 277 3267 nu
289 3204 390 3266 “deep’'
399 3200 414 3251 i.
424 3216 444 3250 e
455 3201 495 3250 the
503 3215 595 3265 enemy.

167 3332 169 3339 ,
206 3293 221 3329 t
236 3282 393 3340 conductus,
410 3278 517 3340 “hired’'
533 3293 559 3327 or
574 3280 755 3342 “mercenary,”
772 3275 879 3338 alludnrg
894 3280 920 3322 to
934 3273 975 3322 the
989 3271 1055 3321 He·-

176 3363 250 3422 dans,
260 3360 314 3409 who
323 3373 385 3407 were
394 3354 520 3423 objeeuos
529 3355 718 3421 intinitelymore
728 3347 1056 3409 hanadtotheAmericanc,

176 3441 236 3492 than
246 3440 285 3488 the
294 3437 387 3486 British.

207 3518 335 3576 reuma,
351 3512 513 3576 “coloniam'‘
528 3512 547 3562 it
560 3510 582 3561 ie
595 3511 652 3561 herc
666 3510 742 3560 taken
757 3509 783 3556 in
798 3505 829 3556 ite
845 3498 1061 3570 pnmqeriv'nol

176 3595 305 3659 meaning;
321 3592 399 3655 ithae,
408 3593 525 3652 however,
534 3591 601 3640 other
610 3586 779 3652 acceptatione.

208 3684 220 3721 t
238 3674 330 3736 Uetera,
339 3671 409 3727 “into
417 3670 458 3725 the
467 3669 540 3736 city?
549 3667 595 3721 ie.
606 3660 780 3728 Philadelpbic
825 3693 827 3697 <
