2444 4530
424 359 784 406 wesnmoeomiwm.
986 343 1049 410 1⁷5

167 501 291 566 dicitur.
338 501 514 565 “Nuncius
529 502 633 579 tristis,
649 524 746 586 quem
766 503 834 565 heri
857 504 1048 588 accepimus,

169 614 318 677 hodierno
332 614 382 677 die
394 614 529 676 nimium
541 625 647 678 certus
662 615 799 680 advenit.
846 615 924 678 Fuit
933 617 1049 680 Wash-

169 727 368 810 ingtonius3¹
389 728 490 805 heros,
514 728 592 804 dux,
608 739 640 790 et
663 727 889 812 philosophus;
915 727 1056 806 ille,'de·„

168 842 276 923 nique,
288 862 393 923 quem,
407 841 592 905 imminente
602 842 749 924 periculo,
760 863 869 904 omnes
879 842 1050 906 intueban-

168 965 228 1030 tur,
251 956 405 1015 factorum
427 954 582 1016 clarorum
603 953 756 1018 memoria
778 954 936 1017 duntaxat
957 955 1046 1020 vivit.

169 1066 332 1142 Quamvis,
355 1067 453 1143 enim,
475 1088 528 1128 eos
547 1067 663 1129 honore
687 1067 808 1128 afficere
831 1067 960 1130 solenne
982 1080 1048 1132 non

167 1190 258 1254 esset,
273 1199 409 1260 quorum>
428 1179 494 1240 vita
516 1178 549 1240 in
572 1179 695 1260 generis
718 1178 853 1241 humani
876 1181 1049 1244 commodis

166 1290 382 1376 promovendis
403 1291 565 1374 insumpta
580 1291 651 1367 fuit,
668 1291 914 1373 Washingtonii‚¹
928 1304 1047 1369 tamen,

167 1422 216 1464 res
239 1414 334 1484 gesta
358 1414 453 1464 tantae
469 1403 652 1478 extiterunt,
669 1413 705 1464 ut
727 1404 860 1486 populus
883 1403 1050 1467 universus

167 1517 389 1591 Americanus,
404 1515 517 1577 doloris
533 1514 696 1591 indicium,
708 1516 763 1596 qui
778 1526 845 1578 tam
856 1516 924 1580 late
939 1517 1050 1599 patet,²

168 1627 334 1711 deposcere
349 1648 407 1689 suo
419 1627 489 1710 jure
503 1627 630 1689 debet.'’

214 1746 235 1776 “
245 1740 491 1823 Rempublicam
506 1740 626 1802 hancce
643 1751 795 1818 nostram,
809 1753 877 1804 tam
893 1742 989 1824 longe
1004 1742 1051 1805 la-

168 1853 264 1934 teque
276 1852 418 1928 divisam,
432 1872 515 1915 unus
531 1855 595 1916 fere
609 1853 871 1935 Washingtonius
884 1853 1059 1917 ordinandi

167 1975 199 2026 et
219 1964 372 2027 condendi
388 1964 516 2027 laudem
531 1976 638 2028 meret.
685 1966 792 2028 Rebus
807 1968 961 2044 omnibus,
978 1978 1049 2029 tan-

167 2077 239 2142 dem
263 2078 422 2154 consectis,
441 2098 577 2159 quarum
600 2081 699 2142 causd
721 2079 910 2142 exercitibus
925 2079 1050 2143 Ameri-

168 2192 255 2255 canis
270 2191 451 2275 prepositus
466 2193 579 2268 fuerat,
596 2190 738 2273 gladium
753 2192 785 2253 in
800 2212 961 2254 vomerem
976 2213 1050 2255 con·

167 2306 270 2382 vertit,
298 2304 497 2385 bellumque³
525 2324 603 2386 pace
632 2303 792 2366 laetissime
827 2304 1049 2366 commutavit.

170 2419 267 2481 Cum⁴
292 2417 457 2479 civitatum
473 2415 699 2478 foederatarum
715 2415 980 2478 Americanarum
1004 2415 1051 2477 in-

168 2529 301 2594 firmitas
322 2529 466 2591 omnibus
489 2528 659 2589 manifesta
680 2526 848 2604 videretur,
864 2536 896 2588 et
910 2526 1050 2605 vincula,

169 2642 282 2725 quibus
306 2641 451 2704 Columbi
474 2652 555 2703 terra
571 2640 725 2702 latissima
747 2641 973 2717 continebatur,
990 2640 1052 2702 sol-

169 2767 325 2832 veremur,
336 2754 616 2836 Washingtonium
631 2754 783 2832 omnium,
796 2755 849 2836 qui
863 2754 964 2817 hance
980 2775 1052 2818 nos·

169 2878 250 2930 tram
267 2869 448 2952 praeclaram
461 2867 688 2950 rempublicam
699 2866 926 2943 stabiliverant,
939 2868 1052 2951 princi-

199 3056 209 3092 1
220 3050 282 3109 Fun,
292 3052 341 3109 dfe,
353 3047 539 3111 “Washington
546 3047 567 3096 is
577 3064 608 3096 no
618 3063 683 3096 mora
691 3051 714 3110 ;”
725 3047 781 3095 thus
788 3046 863 3111 Virg,
871 3050 886 3077 “
894 3048 948 3096 nae
958 3049 1052 3110 libem?

169 3128 284 3189 “Troyt'c
293 3142 324 3173 nc
333 3128 417 3172 Μεθ’

199 3195 214 3247 ι’
227 3205 300 3264 Patet,
312 3206 362 3263 ibe,
375 3200 476 3250 “which
488 3199 572 3265 (grief)
585 3201 683 3250 extends
694 3217 721 3250 so
730 3201 839 3267 widely.”

200 3289 212 3324 a
228 3282 368 3342 Baliumque,
381 3283 431 3340 dea,
442 3281 457 3307 “
465 3278 513 3327 end
522 3286 585 3328 most
594 3279 675 3343 gladly
684 3279 823 3344 exchanged
833 3296 883 3328 war
892 3279 927 3329 lor
940 3281 1037 3344 pesce?

199 3365 212 3401 4
225 3358 292 3417 Gom,
301 3359 351 3417 ba,
360 3356 450 3405 “when
461 3356 501 3404 the
507 3357 635 3404 weakness
642 3357 669 3405 of
674 3358 713 3405 the
723 3356 813 3406 United
822 3358 901 3407 States
908 3357 936 3406 oi
941 3355 1054 3405 American

170 3433 288 3500 appeared
298 3432 395 3484 obvious
406 3440 431 3482 to
441 3433 479 3494 all,
490 3433 539 3481 and
549 3432 589 3482 tha
599 3433 683 3494 banda,
691 3436 724 3499 by
731 3434 810 3483 which
820 3434 859 3483 the
868 3450 925 3498 very
932 3432 1055 3482 extensive
1162 3430 1165 3436 ’

170 3510 266 3562 landos
276 3510 408 3559 Columbus
421 3509 555 3573 (Ameriae)
568 3526 619 3558 was
635 3510 689 3559 held
699 3511 813 3574 together,
824 3510 903 3559 would
918 3511 949 3558 be
964 3506 1054 3569 lcosed,

171 3604 211 3638 we
224 3589 284 3636 have
299 3586 384 3636 beheld
394 3587 560 3654 Washington
569 3586 610 3636 the
619 3587 671 3637 first
679 3587 708 3636 of
720 3588 752 3636 all
762 3587 837 3648 those,
848 3588 900 3636 who
910 3583 958 3635 had
973 3583 1053 3632 estab-

170 3664 249 3716 lished
258 3663 305 3715 this
315 3667 380 3726 our,”
390 3664 434 3714 &a
