2444 4530
429 380 682 426 wssnnserortn
703 382 792 427 vrrs.
1015 358 1057 423 'tc

163 534 270 588 vexit.
310 524 371 589 His
382 536 475 587 extra
487 524 627 588 hostiurn
640 536 827 610 potestatem
839 524 956 610 positis,
968 523 1058 587 mille

167 637 326 701 ducentos
340 637 485 700 homines
500 637 731 701 Princetoniam
746 638 833 701 misit
848 637 1057 720 Washingto-

167 751 254 827 nius,
268 750 324 832 qui
338 750 480 812 hostibus
492 749 656 813 resistendi
670 750 804 833 speciem
825 750 1009 835 praeberent,
1024 759 1058 811 et

167 862 236 946 ipse
259 882 333 926 cum
356 862 483 926 duobus·
501 862 673 926 hominum
701 861 849 940 millibus,
871 863 927 946 qui
955 880 1058 946 nuper

168 975 333 1059 conscripti
348 986 448 1053 erant,
464 976 726 1058 subsequebatur.

210 1087 403 1171 Priusquam
425 1087 661 1151 Princetoniam
676 1098 817 1165 venerat,
832 1088 988 1152 nuncium
1002 1107 1056 1150 cc-

168 1201 259 1284 cepit,
277 1207 297 1238 “
309 1201 506 1278 Comwallis,
522 1200 618 1285 copiis
634 1199 842 1262 auxiliaribus
859 1200 969 1263 multis
982 1220 1057 1263 mu·

167 1312 283 1390 nitum‚
300 1313 475 1376 Brunsvico
500 1312 630 1376 diversis
655 1312 820 1375 itineribus
844 1312 1004 1397 proficisci,
1025 1321 1058 1373 et

167 1424 203 1487 in
217 1425 320 1487 aciem
335 1436 529 1508 postremam
544 1424 701 1508 impetum
717 1427 821 1487 facere
836 1425 949 1487 velle.”
997 1423 1060 1486 Ce-

168 1535 226 1599 leri
249 1548 378 1619 receptu
400 1556 480 1620 opus
496 1536 568 1612 fuit,
588 1547 630 1612 et,
647 1535 697 1599 die
724 1536 911 1599 Decembris
935 1545 1060 1611 octavo,

169 1647 366 1725 Americani,
383 1647 427 1711 ad
441 1669 543 1711 unum
562 1647 748 1726 incolumes,
764 1650 888 1712 flumen
913 1647 1062 1711 Delawa-

169 1759 274 1830 riense
290 1760 451 1822 transiere.
497 1760 640 1842 Scaphas
655 1781 767 1823 omnes
790 1758 1060 1842 Washingtcuiur

168 1871 211 1934 ad
222 1871 322 1955 ripam
334 1871 467 1933 alteram
480 1871 619 1933 fluminis
628 1870 796 1953 deligatas,
807 1871 967 1955 occupari,
980 1890 1058 1954 pon·

168 1986 292 2067 tesque¹
307 1984 339 2046 in
354 1984 414 2047 viis
429 1982 473 2046 ad
493 1984 576 2067 ripas
591 1983 764 2047 contrarias
779 1982 976 2061 ducentibus,
992 2003 1057 2046 res·

167 2096 262 2174 cindi,
278 2097 446 2181 copiasque
470 2095 516 2165 ad,
526 2095 610 2160 vado
626 2094 735 2159 omnia
749 2096 899 2160 constitui
913 2108 947 2160 et
961 2095 1057 2161 collo·

167 2209 232 2273 cari
244 2209 347 2292 jussit.

120 2306 123 2311 ’
210 2320 300 2387 Adeo
323 2321 436 2385 acriter
457 2320 704 2401 insequebantur
718 2319 839 2395 hostes,
853 2329 891 2380 ut
905 2319 991 2401 prius
1005 2339 1059 2382 eo·

166 2454 241 2497 rum
264 2433 348 2495 acies
370 2432 484 2514 prima²
498 2431 534 2492 in
554 2439 762 2512 conspectum
776 2427 874 2504 venit,
889 2430 990 2508 quam
1005 2449 1060 2493 ex·

169 2545 286 2609 ercitlts
308 2541 483 2606 recedentis
506 2560 625 2622 agmen
648 2537 857 2602 novissimum
878 2537 1016 2622 scaphas
1030 2550 1061 2603 et

168 2657 301 2740 navigia
324 2652 568 2719 conscendisset
615 2651 760 2717 Britones
780 2650 920 2714 exercitu
935 2651 1060 2717 Ameri-

169 2791 252 2834 cano
266 2769 306 2833 de
328 2769 415 2832 nova
432 2767 580 2830 Caesarea
602 2763 744 2848 expulso,
761 2763 868 2848 copias
882 2763 923 2830 ad
937 2765 1059 2830 flumen

169 2884 419 2957 Delawariense,
442 2880 507 2942 huc
532 2878 619 2955 illuc,
648 2877 864 2961 disponebant,
888 2889 920 2941 et
947 2899 1060 2942 eorum

168 2997 323 3082 manipuli
346 3014 458 3058 omnes
473 2993 507 3055 in
522 3003 625 3076 partes
639 2991 770 3077 impune
791 2991 880 3056 ibant
898 2992 1059 3056 redibant-

169 3131 241 3193 que.
286 3109 330 3172 Ut
346 3105 484 3190 scaphas
499 3116 556 3194 aut
577 3105 708 3189 navigia
725 3105 994 3181 nanciscerentur,
1010 3104 1059 3166 in-

170 3224 298 3286 cassum
329 3219 531 3283 elaboratum.
583 3219 769 3296 Nonnullos,
801 3218 909 3296 etiam,
936 3226 1059 3301 pontes,

170 3335 226 3418 qui
242 3335 281 3395 ab
294 3332 492 3397 Americanis
506 3333 726 3398 recedentibus
741 3330 837 3395 modo
852 3330 975 3393 rescissi
989 3331 1059 3391 fue-

202 3515 362 3574 spurcaque,
374 3512 501 3574 &stand
517 3513 558 3562 the
572 3512 710 3578 bridgeson
726 3510 767 3560 the
782 3507 854 3560 roeds
869 3505 966 3574 leading
979 3513 1005 3558 to
1019 3506 1060 3557 tlte

169 3589 280 3658 opposite
290 3589 385 3638 eborac’
393 3589 523 3655 (osJersey
533 3588 581 3639 md
591 3585 792 3658 Pennsylvsnia.)

202 3677 215 3714 r
229 3669 387 3731 adeamne,
397 3666 479 3718 “their
486 3668 558 3719 rara'¹
