2444 4530
176 335 238 416 180
432 355 685 403 wasarsororur
709 356 799 405 vrrs.-

173 520 285 584 gressu
307 499 414 585 palam
436 505 577 585 accepta,
592 498 857 585 Washingtonius
879 504 902 568 a
918 503 1057 570 Consilio

173 615 339 678 civitatum
364 613 590 678 foederatarum
617 616 763 678 omnium
789 615 1056 683 Americanarum

172 727 297 813 publico
320 727 473 792 conditor²
491 727 570 790 alter
584 737 728 811 tutorque
744 728 921 812 reipublice
934 731 1059 815 judica·

172 850 226 903 tus
249 850 305 902 est.
351 839 401 906 Eo
423 850 585 927 prasente,
607 841 747 925 pericula
770 841 883 920 multa,
904 853 936 905 et
960 844 1058 924 mala,

171 973 242 1036 quaa
258 957 475 1036 saepenumero
489 952 634 1037 perpessi,
650 953 731 1015 inter
747 954 928 1038 semetipsos
950 977 1059 1021 recen-

170 1066 302 1143 sebant;
295 1067 317 1102 ·¹
339 1064 500 1142 libertatis,
516 1085 613 1148 quam
635 1086 742 1129 nemo
752 1066 881 1145 bonus·
896 1068 958 1132 nisi
982 1090 1058 1135 cum

170 1178 279 1279 anima
295 1177 392 1306 simul
403 1177 530 1256 amittit,
547 1178 718 1282 pacisque,⁴
730 1179 968 1263 Washingtonii
982 1181 1057 1247 dex·

170 1417 231 1471 tur.
276 1404 560 1488 Washingtonium
582 1406 760 1489 stupebant,
782 1405 882 1489 major
902 1406 1056 1491 altiorque

170 1520 224 1605 qui
249 1519 391 1604 privatus
412 1516 589 1596 videbatur,
608 1517 738 1603 (quippe
753 1517 806 1600 qui
828 1518 996 1602 imperium
1019 1520 1056 1584 li·

169 1632 353 1701 beatissima
369 1631 565 1719 deposuerat,
583 1651 660 1695 cum
675 1641 781 1693 tenere
797 1630 949 1715 facillime
966 1643 1056 1718 potu·

169 1745 259 1829 isset)
278 1746 377 1829 quam
399 1764 500 1827 quum
523 1744 701 1806 exercitum
716 1743 865 1807 victorem
888 1743 1056 1829 imperator
1140 1799 1143 1816 .

169 1857 305 1925 duceret.
354 1856 502 1941 Diploma
514 1856 789 1939 Washingtonioa
803 1857 986 1940 Congressu
1001 1858 1056 1923 da·

168 1979 248 2047 tum,
260 1967 346 2052 quod
361 1968 406 2030 eis
417 1988 503 2030 nunc
515 1966 652 2030 reddidit
667 1968 815 2050 aquibus
826 1971 930 2032 fuerat
946 1991 1055 2056 accep-

168 2092 249 2159 tum,
266 2081 317 2144 hlc
333 2079 563 2163 subjiciendum
585 2080 785 2165 putavimus:
814 2081 1056 2147 “Coloniarum

167 2193 394 2259 ioederatarum
423 2191 572 2276 delegati,
597 2193 751 2257 Gsoauro
780 2193 1054 2261 Wssmuoromo

168 2309 308 2374 salutem
336 2307 486 2385 dicentes,
512 2327 588 2369 eum
615 2306 777 2392 copiarum
803 2308 957 2386 omnium,
984 2330 1055 2392 quar

170 2425 240 2511 jam
255 2423 306 2487 vel
332 2421 515 2507 conscripta
538 2431 623 2497 sunt,
601 2419 690 2483 tvel
712 2419 788 2482 olim
812 2422 1054 2499 conscribentur,

168 2538 283 2603 ducem
298 2548 330 2600 et
345 2537 563 2621 imperatorem
578 2534 790 2598 constitudre?
792 2533 942 2609 '-Qu0d
957 2533 1055 2619 diplo.

168 2673 233 2728 ma,
249 2654 271 2715 a
293 2650 447 2730 Peytonio
469 2647 639 2731 Randolph
657 2647 851 2728 Congressds
866 2647 1007 2731 praeside,
1024 2658 1056 2712 et

170 2761 282 2825 Carolo
297 2760 479 2844 Thompson
495 2762 517 2824 a
532 2760 669 2838 secretis,
686 2759 808 2823 decimo
821 2761 953 2845 septimo
965 2761 1054 2826 Junii

199 2994 208 3029 ¹
222 2987 336 3047 Conditor,
347 2990 397 3047 dcc,
405 2989 440 3035 “a
451 2985 538 3035 second
549 2985 649 3035 lhunder
659 2986 707 3035 and
718 2986 834 3051 guardien
844 2986 916 3036 ofthe
926 2987 1054 3052 republic.”

167 3063 194 3118 li
204 3064 273 3113 those
283 3062 338 3112 who
348 3062 472 3128 originally
481 3062 623 3112 established
637 3064 677 3112 the
688 3063 815 3113 American
826 3064 944 3126 Coloniae,
955 3063 1054 3115 meritati

168 3141 291 3207 applause,
306 3147 369 3189 most
384 3140 516 3204 assuredly,
527 3139 691 3204 Washington
708 3157 760 3189 was
778 3140 874 3190 entitlsd
890 3149 915 3190 to
931 3141 1002 3206 equel
1017 3157 1055 3192 re·

168 3234 248 3279 nown,
259 3217 313 3266 who
324 3215 422 3266 secured
439 3215 479 3263 the
490 3214 592 3264 liberties
608 3215 656 3264 and
672 3215 746 3281 rights
756 3217 785 3266 of
796 3217 1055 3280 thessalonicenus

107 3345 109 3351 ,
168 3295 227 3346 their
237 3295 377 3344 settlement

198 3382 210 3419 a
226 3374 387 3433 Recenreleat,
399 3370 476 3434 “they
485 3369 635 3431 recounted,”
646 3368 769 3420 reviewed.

198 3453 302 3501 eram
318 3451 396 3511 lmus,
414 3450 466 3498 “no
480 3445 543 3512 good
560 3450 640 3509 man,”
657 3447 710 3496 that
725 3447 796 3509 is,no
812 3465 870 3499 man
886 3449 915 3499 oi
925 3449 1054 3518 prohityor

592 3531 606 3569 Ι

168 3530 346 3736 “lapse
358 3608 409 3668 a,
419 3603 491 3658 “aar
500 3602 629 3670 aereae
640 3602 759 3670 naua
771 3603 864 3672 chiefly,
874 3604 1053 3673 1,wa

169 3688 257 3742 too'sr
279 3699 312 3739 or.
