2444 4530
423 307 674 364 wisaraerorur
697 306 785 354 risa.
981 289 1046 356 tea

166 455 254 540 apua
267 453 541 519 cruos-exortum
554 451 602 521 aa.
628 449 754 514 eicior
769 425 893 527 elna,
906 458 967 515 ae
981 472 1048 518 m

166 567 315 640 nobilitas
343 565 554 649 primoresque
577 563 746 647 imperium
775 561 869 626 nimie
894 583 990 645 grave
1013 566 1049 631 in

167 679 292 764 plebem
314 698 460 745 exercere
474 685 643 760 coeperant.
689 674 742 739 Ad
756 675 828 752 noc,
843 675 1050 742 Americaue·

167 811 241 854 rum
251 790 398 874 exemplo
407 789 528 853 incitati
541 800 617 852 sunt
627 787 797 872 Galliqui,
804 787 957 857 libertatis
966 791 1051 854 bena

168 902 256 986 apud
273 903 482 971 ‹Americanos
503 900 657 978 videntes,
680 901 817 965 similem
838 902 896 965 sibi
917 902 1052 966 felicita·

167 1025 248 1091 tem,
264 1018 484 1098 fortunamque
519 1015 733 1098 exoptabant:
771 1013 885 1098 plures,
913 1015 1053 1100 insuper,

169 1126 256 1211 apud
275 1127 397 1204 Gallos,
416 1131 589 1211 provenere
611 1128 782 1211 scriptores,
801 1128 860 1210 ,qui
880 1127 1054 1191 nobilitatis

169 1250 203 1303 et
213 1240 398 1304 clericerum
413 1239 593 1323 superbiam
608 1249 641 1301 et
655 1238 876 1304 crudelitatem
892 1238 1054 1318 insectari,

169 1361 202 1417 et
216 1352 324 1436 palem
338 1351 574 1437 reprehendere,
589 1373 654 1416 nou
667 1351 902 1417 dubitaverunt.

179 1512 182 1521 .
214 1466 300 1543 Hae,¹
315 1465 456 1542 forsitan,
472 1480 576 1529 causae
594 1464 740 1542 extitere,
754 1466 871 1547 quibus
890 1464 1056 1549 impellen-

170 1577 266 1654 tibus,
279 1598 327 1652 res
340 1598 438 1641 novas
450 1588 599 1662 exoptare
614 1578 700 1643 Galli
714 1589 889 1662 caeperunt.
932 1578 1055 1642 Earum

171 1709 278 1755 rerum
303 1709 457 1754 novarum
480 1691 608 1756 initium
634 1690 673 1756 de
692 1691 849 1768 libertate,
871 1699 903 1754 et
929 1687 1058 1773 generis

170 1800 310 1867 humani
332 1804 444 1867 amicis
468 1804 587 1889 optime
611 1803 722 1867 mereri
742 1803 906 1866 videbatur
918 1825 927 1881 ;
952 1813 997 1880 at,
1013 1820 1056 1866 ex

170 1914 260 1980 bonis
273 1915 381 1992 initiis,
393 1927 527 1980 eventus
541 1917 670 2000 pessimi
684 1920 877 2000 provenien
901 1916 1003 1979 cives⁸
1015 1914 1056 1978 de

172 2027 350 2110 principatu
361 2028 441 2090 inter
450 2049 519 2090 sese
533 2039 669 2105 certare;
687 2029 870 2106 interficere,
882 2028 1058 2106 trucidare,

174 2139 333 2223 jugulare,
350 2141 458 2203 omnia
471 2160 562 2203 sacra
578 2141 720 2216 miscere,
736 2142 883 2217 turbare3
905 2141 988 2202 inter
1002 2141 1057 2203 bo·

173 2272 231 2321 nes
250 2263 282 2315 et
302 2253 404 2315 malos
422 2252 604 2315 discrimen*
618 2252 759 2327 nullum,
774 2272 889 2314 omnes
900 2251 1060 2316 honorum

173 2374 205 2426 et
220 2362 387 2445 diguitatis
403 2363 522 2444 gradus
536 2364 662 2446 penitus
677 2363 824 2425 abolere,⁶

218 2475 414 2538 Bellatorum
429 2475 588 2549 omnium,
600 2474 655 2554 qui
670 2482 727 2535 aut
741 2473 895 2549 existunt,
910 2484 968 2535 aut
982 2472 1060 2538 olim

176 2587 322 2663 extitere,
339 2583 502 2669 Nepoleou
524 2585 711 2668 Berraparte,
729 2585 939 2668 proculdubio,
955 2587 1064 2649 maxi-1

176 2720 251 2763 mus
275 2699 343 2762 fuit.
391 2697 632 2780 Rempublicam
659 2697 818 2760 Gallicam
843 2698 1001 2761 ordinavit
1027 2711 1060 2763 et

207 2863 216 2896 1
236 2855 327 2914 cteta
344 2852 383 2902 tlte
398 2851 493 2900 Freneh
511 2851 634 2915 “clergyl’
665 2851 721 2899 The
733 2866 800 2899 noun
816 2853 919 2912 eneae,
934 2852 963 2900 os
976 2853 1060 2903 Greelr

176 2930 313 2991 derivatim,
323 2930 344 2979 is
354 2936 397 2979 net
406 2929 466 2981 used
476 2930 508 2992 by
518 2945 563 2991 my
572 2929 644 2976 Latin
654 2930 740 2976 chade.
769 2927 898 2995 However,
908 2929 927 2978 it
935 2945 1064 2994 expresses

176 3009 242 3060 what
251 3024 289 3058 we
303 3006 450 3057 understand
461 3006 492 3070 by
501 3005 542 3054 tlte
551 3013 611 3055 term
621 3005 708 3070 clergy,
718 3004 776 3054 with
786 3003 905 3055 sufficient
914 3023 1037 3072 accuracy.

206 3096 218 3130 a
233 3087 287 3147 Hc,
298 3089 349 3147 dc,
360 3085 449 3133 “these
463 3098 534 3145 were,
550 3084 659 3148 perhaps,
673 3083 712 3132 tlte
726 3099 820 3144 causes,
835 3083 914 3132 which
929 3084 1060 3150 impelling,

177 3164 217 3215 the
226 3163 320 3212 Freuch
329 3165 409 3227 began
418 3169 444 3211 to
453 3160 515 3210 wish
524 3161 597 3210 much
606 3160 641 3211 sor
650 3177 666 3210 a
675 3161 827 3211 revolutioat‘

207 3249 218 3283 ⁸
237 3243 310 3301 Cicer,
326 3243 376 3301 ᾦα,
388 3239 448 3287 “the
467 3239 583 3302 (French)
598 3237 694 3288 citimus
706 3239 797 3302 (began,
807 3246 920 3301 coepmmt
934 3239 1007 3304 being
1015 3255 1061 3289 un·

177 3317 297 3382 dermood)
310 3324 334 3366 to
343 3316 447 3366 contend
458 3316 513 3366 wim
522 3317 581 3366 sach
591 3316 664 3378 other,
671 3315 806 3380 respectirrg
815 3317 853 3366 the
862 3316 1061 3380 pre-eminenca”

207 3404 218 3439 t
237 3397 374 3456 Decimae,
384 3394 470 3442 “thera
485 3409 538 3444 vtes
552 3409 585 3443 no
601 3392 738 3443 distinction
753 3395 862 3442 between
878 3393 918 3442 tire
934 3393 996 3458 good
1012 3391 1061 3441 aad

178 3471 249 3522 bad.”
1002 3487 1004 3492 ·

210 3557 221 3590 e
232 3547 643 3611 nedae,e0,(se1tcet‚eaepemt,)
656 3552 671 3579 ‘⁴
676 3549 733 3612 they
742 3548 836 3610 (legat)
845 3547 963 3611 utterlyte
970 3541 1066 3594 molan

180 3623 214 3675 all
223 3623 322 3689 degrees
331 3620 360 3673 ei
369 3622 455 3674 honera
465 3625 513 3676 aud
524 3623 638 3689 digerite?

611 3708 633 3752 B.
