2444 4530
222 332 265 397 84
480 346 733 394 wrssrrroronrr
757 347 845 394 rrrs.

266 495 391 560 luscius
402 512 477 558 cum
491 492 753 577 lndis'pugnandi
764 491 991 572 Braddoelrius,
1002 514 1063 560 uec
1075 496 1110 561 in

221 608 329 673 hostes
343 607 442 684 irruit,
456 626 515 669 nec
527 604 643 690 pedam
655 610 737 669 retro
749 603 833 681 tulit,
845 603 901 668 sed
914 607 1018 692 copias
1033 630 1112 673 suas

220 720 390 806 improviso
403 719 526 805 impetu
540 717 696 802 disjectas,
705 717 785 795 loco,
795 715 883 781 unde
895 716 1034 784 hostium
1044 721 1111 785 vim

220 834 359 919 primum
369 832 595 910 sustinuerant,
602 829 1110 914 consisterejussittnudi,¹enim,

220 945 255 1010 in
269 945 409 1009 munitos
423 944 584 1008 arboribus
599 944 766 1026 crebroque
785 943 897 1006 frutice
911 946 1109 1027 pugnabant.

220 1056 428 1124 Praemonitus
442 1056 644 1143 periculum,⁸
657 1055 710 1119 cui
726 1056 832 1140 copias
844 1066 1001 1140 caputque
1014 1079 1112 1123 suum

220 1169 408 1254 objectabat,
437 1169 554 1234 milites
583 1166 798 1254 provinciales,
829 1189 903 1232 suos
935 1170 1113 1255 precedere

220 1282 359 1361 nolebat,
389 1294 427 1346 ut
455 1282 566 1366 sylvas
596 1280 787 1364 insidiasque
816 1281 1025 1367 explorarent,
1055 1283 1113 1349 sed

221 1397 391 1462 consilium
406 1408 474 1461 tam
489 1395 629 1460 salutare
641 1395 758 1481 sprevit
766 1416 777 1474 3
792 1396 995 1478 quamobrem
1009 1405 1112 1461 teme·

220 1509 322 1574 ritatis
337 1530 448 1596 poenas
463 1520 565 1574 morte
577 1509 697 1574 luebat.

263 1623 323 1688 Per
351 1634 413 1688 tres
438 1623 533 1688 horas
555 1632 746 1706 pugnatum,
768 1643 831 1705 quo
853 1621 887 1685 iu
908 1622 1019 1707 spatio,
1044 1622 1112 1688 dux

221 1746 284 1800 tres
313 1757 420 1820 equos,
445 1736 561 1818 quibus
581 1733 747 1813 insidebat,
775 1734 893 1812 amisit,
920 1735 1112 1820 tandemque

220 1849 341 1913 vulnus
353 1848 488 1933 accepit,
505 1846 588 1930 quod
603 1847 637 1911 in
654 1846 822 1926 Dunbarii,
832 1848 948 1912 tribuni
962 1850 1110 1928 militum,

221 1960 342 2039 eastris,
372 1960 445 2024 vitoe
481 1960 604 2023 exitum
640 1960 975 2026 attulit-vulnerato
1010 1963 1111 2028 Brad-

221 2072 345 2152 dcckio,
361 2071 457 2157 eopiae
472 2072 506 2136 in
527 2083 632 2159 partes
646 2094 755 2137 omncs
771 2073 936 2157 diffugere,
952 2097 1011 2140 neo
1034 2079 1111 2143 ante

222 2187 307 2253 acies
322 2187 489 2250 instaurari
505 2197 636 2272 poterat,
647 2188 745 2271 quam
760 2188 1033 2271 Monongahclam
1047 2200 1112 2253 tra·

225 2301 378 2388 jecerant.
425 2299 496 2364 Indi
520 2299 627 2384 praedit
649 2299 766 2378 allecti,
782 2300 876 2383 haud,
894 2301 1005 2364 aeriter
1027 2302 1112 2366 inse·

222 2416 288 2482 cuti
310 2410 395 2481 sunt.
441 2412 523 2477 Victi
538 2413 680 2477 veterani
696 2434 764 2477 sese
780 2411 821 2476 ad
837 2424 940 2477 castra
959 2411 1111 2498 Dunlapii

222 2532 287 2596 cito
303 2537 498 2612 receperunt,
514 2526 619 2610 ibique
633 2525 875 2611 impedimentis,
891 2547 1024 2609 quorum
1046 2548 1112 2592 nou

221 2642 421 2724 indigebant,
435 2638 555 2718 deletis,
572 2638 829 2724 Philadelphiam
844 2641 973 2722 proiecti
989 2650 1073 2705 sunt.

255 2850 265 2885 r
280 2842 357 2892 Medi.
387 2839 426 2908 By
431 2839 478 2890 this
486 2839 600 2910 adjective
607 2857 644 2893 we
651 2841 806 2906 understand,
817 2844 832 2871 ‘⁴
840 2840 1005 2910 ungrrarded,'‘
1012 2860 1039 2895 or
1049 2847 1065 2874 “
1070 2859 1111 2896 ex·

220 2919 323 2987 pooed'l)

253 3005 267 3043 s
281 2997 421 3047 Penoulum.
453 2995 636 3047 Grammaticus
650 3013 737 3048 assuta
748 3014 779 3048 us
793 2999 846 3049 siret
860 2999 929 3049 those
938 3000 1008 3050 verbs
1024 2999 1110 3063 which,

222 3073 249 3126 in
265 3074 305 3125 the
319 3073 394 3124 active
404 3072 477 3137 voice,
488 3089 577 3140 govern
587 3080 636 3126 two
651 3076 813 3139 caecantem
830 3077 870 3128 the
886 3076 956 3126 latter
967 3093 1023 3127 case
1036 3077 1061 3126 in
1071 3077 1111 3128 the

223 3152 326 3219 passive.
356 3151 414 3214 But,
424 3167 453 3201 as
467 3167 499 3201 no
508 3153 565 3202 verb
575 3168 621 3203 can
631 3169 721 3219 govern
736 3162 785 3204 two
799 3154 947 3204 accusatives
957 3154 1031 3204 attha
1043 3170 1111 3205 same

223 3230 289 3292 time,
299 3244 338 3279 sve
346 3236 413 3279 must
422 3228 510 3294 supply
520 3245 536 3278 a
544 3229 687 3295 proposition
703 3237 728 3281 to
744 3231 784 3280 tha
799 3230 935 3282 ecousstive
944 3230 973 3282 ol'
984 3232 1025 3281 the
1033 3230 1110 3296 thing.

223 3307 292 3360 Such
301 3305 475 3358 constructione
483 3321 523 3356 rue
529 3322 592 3361 mere
601 3307 757 3369 Hellanisms,
763 3323 790 3359 or
796 3306 960 3361 imitatiousoi
965 3308 1004 3359 the
1011 3308 1108 3360 Greeks

223 3384 289 3447 thus,
298 3383 324 3434 in
339 3384 380 3434 the
396 3389 508 3434 sentence
517 3382 596 3436 before
605 3401 642 3448 us,
650 3387 802 3449 premonitus
812 3383 965 3451 (mundum,
974 3400 1002 3438 cr
1015 3384 1108 3453 quood)

222 3461 357 3529 perlectam,
368 3459 536 3514 “iorewsmed
545 3477 573 3513 as
582 3468 688 3531 respecta
697 3461 738 3515 the
747 3460 862 3531 densas?
