2520 4530
244 366 286 433 ἥ
499 388 750 435 wisurssromr
773 389 862 435 vrri.

504 911 637 973 CAPUT
664 910 862 972 DECIMUM.

242 1104 283 1158 At
295 1106 408 1160 exercita
423 1114 530 1176 utreque
541 1107 610 1160 mdc
618 1103 980 1177 perpessa-Wesbingteuii
997 1102 1120 1174 elegirint.

275 1188 412 1243 -Belb'es
424 1193 635 1244 Americanorum
647 1192 825 1253 instrumenta,
837 1190 917 1242 variis
931 1188 1003 1252 bris,
1017 1188 1124 1258 capiunt

276 1271 564 1327 Britanni-Hostium
582 1273 873 1327 mora-Brunsvicum
885 1272 1014 1325 contendit
1029 1271 1123 1333 Wusle·

276 1355 640 1428 ingemina-Pleiladelpbiu,
652 1356 800 1427 fortissime
823 1356 1002 1409 resistentibus
1019 1352 1123 1408 Ameri-

276 1441 358 1504 eeuu's,
369 1443 400 1494 ab
412 1442 483 1496 lteste
495 1452 642 1513 expugnatu
653 1450 701 1496 est.

286 1603 367 1671 Duu
392 1607 460 1673 haec
486 1607 684 1690 gerebantur,
699 1606 786 1670 mala
805 1606 941 1692 plurima
965 1603 1123 1668 exereitus

242 1728 557 1804 uterqueperpessus.
585 1718 997 1783 MilitumAmericanorum
1008 1715 1123 1801 plures,

242 1828 464 1892 calceamentis
475 1833 593 1912 eguere
606 1852 615 1908 ;
633 1830 827 1913 pedibusque
840 1830 934 1894 nudis
946 1850 1000 1913 per
1012 1847 1125 1911 aspera

241 1936 431 2016 incedentes,
446 1940 582 2021 vestigia
604 1961 710 2003 cruore
725 1940 827 2003 multo
848 1961 884 2003 ac
905 1940 1071 2022 sanguine,
1087 1948 1126 2002 ut

240 2047 422 2132 plurimum,
438 2050 654 2130 signabantur.
699 2051 809 2113 Vestes
825 2072 950 2134 quoque
967 2050 1008 2114 ad
1023 2052 1127 2134 frigus

241 2157 414 2221 arcendum
436 2157 690 2240 haudquaquam
705 2163 922 2221 sufficiebant:
946 2162 1065 2240 vixque
1090 2164 1127 2224 in

241 2270 383 2334 exercitu
395 2270 481 2333 omni
491 2291 593 2333 unum
606 2270 739 2333 inveniri
749 2280 869 2354 poterat
881 2269 1126 2334 tabernaculum

240 2383 450 2446 tentoriumve
462 2405 471 2461 ;
488 2381 577 2461 adeo,
589 2394 710 2460 tamen,
723 2381 797 2446 duci
810 2403 868 2445 suo
881 2381 977 2445 dediti
990 2381 1126 2453 addictiq

242 2515 306 2577 que
321 2506 421 2574 erant,
433 2505 469 2557 ut
484 2494 553 2558 haee
569 2504 635 2556 tam
651 2494 770 2576 gravia,
783 2505 914 2577 tamque
929 2493 1126 2558 intoleranda

242 2605 414 2670 infortunia
429 2606 536 2669 animo
551 2608 653 2689 aequ0¹
667 2606 807 2670 tulerint.

287 2714 341 2779 nd
367 2715 438 2792 hoc,
455 2737 565 2779 corum
590 2716 752 2780 fiduciam²
772 2717 889 2802 optimo
912 2717 982 2802 jure
1008 2718 1127 2783 meruit

242 2824 526 2908 Washingtonius3
543 2837 575 2889 et
589 2828 623 2890 in
637 2829 752 2892 milites
765 2829 834 2912 ejus
845 2829 1035 2911 benignitas,
1047 2830 1126 2893 affa-

242 2937 410 3020 bilitasque
425 2939 584 3016 sermonis,
598 2938 639 3002 ad
650 2939 747 3025 mala,
761 2961 896 3024 quoque,
910 2941 1015 3003 omnia
1027 2941 1126 3005 simul

243 3069 319 3113 eum
334 3048 485 3112 militibus
498 3048 664 3112 subeunda
679 3050 835 3130 alacritas,
848 3052 1012 3134 virtusque
1027 3051 1061 3115 in
1075 3073 1126 3116 rs·
1226 3037 1230 3047 ⁸

243 3160 304 3224 bus
329 3159 437 3222 arduis
451 3161 625 3242 dubiisque,
648 3162 764 3224 mirum
779 3164 812 3225 in
827 3162 969 3241 modum,
985 3164 1126 3229 militum

275 3360 285 3395 1
300 3355 385 3416 AEqas,
396 3352 529 3417 “patient”
536 3353 676 3416 contented3
687 3353 734 3402 this
744 3354 857 3419 adjective
866 3356 930 3406 osten
941 3356 1047 3422 signifies
1056 3357 1125 3421 level,

244 3445 313 3491 even,
323 3429 436 3493 uniform3
453 3430 536 3492 hence,
546 3429 617 3479 when
632 3429 727 3502 applied
742 3437 767 3481 to
782 3431 823 3480 the
838 3432 911 3496 mind,
927 3433 945 3483 it
960 3450 1017 3500 may
1031 3434 1125 3500 impert,

244 3505 369 3568 unruffled,
380 3507 490 3572 tranquil,
497 3509 541 3557 &a

274 3591 287 3627 ¹
302 3583 427 3644 uenena
438 3583 519 3634 “their
532 3583 699 3648 confidence;”
715 3584 767 3636 that
781 3583 898 3648 munch
912 3587 970 3654 they
984 3586 1084 3654 repoeed
1099 3585 1125 3638 in

244 3661 417 3728 waringen.
