2444 4530
180 334 223 402 lb
439 347 691 395 vreurrrororrrr
714 349 804 395 vrrs.

98 481 102 490 ¹
180 515 256 576 rem,
271 493 395 561 muneri
408 493 544 579 publioo¹
558 493 713 570 debitum,
726 511 823 576 quem
837 491 918 557 alibs
931 493 992 557 sibi
1003 493 1065 580 pri·

179 621 255 674 vato
269 607 520 691 haudquaquam
545 615 716 688 arrogaret,
739 603 931 689 pervicacius
955 619 1065 691 postu·

176 719 253 800 lare,
276 739 404 803 aequum
426 737 495 781 esse
517 717 758 790 arbitrabatur..’'
809 716 927 782 Alteris
954 716 1066 786 denuo

176 832 284 911 literis,
307 829 423 896 eadem
445 828 485 893 de
507 850 550 907 re,
575 827 617 893 ad
640 827 921 911 Washingtonium
948 829 1064 910 missis,

177 943 371 1027 colloquium
386 942 577 1027 perlongum
591 961 667 1004 eum
682 947 761 1004 inter
776 951 808 1003 et
831 941 1064 1022 Petersonium,

175 1056 314 1142 praefecti
328 1055 414 1141 apud
429 1054 604 1118 exercitum
619 1053 795 1135 Anglicum
820 1063 897 1117 tune
913 1054 1063 1138 temporis

174 1169 244 1234 vice
255 1173 453 1252 fungentem,
463 1167 621 1245 habitum,
632 1166 666 1230 in
677 1187 738 1249 quo
751 1166 964 1245 Petersonius,
979 1174 1063 1232 “eu-

174 1294 293 1346 r'atores
306 1282 346 1346 de
358 1303 436 1367 pace
449 1279 654 1364 transigenda
666 1280 854 1343 auctoritate
870 1283 992 1363 magna
1007 1280 1062 1345 do-

174 1406 268 1460 natos
277 1417 344 1460 esse
355 1394 435 1458 dixit
446 1396 476 1473 ;”
494 1394 547 1458 cui
557 1412 744 1478 responsum
753 1392 825 1470 fuit,
838 1398 976 1484 “eorum
987 1413 1062 1458 auo·

174 1507 334 1572 toritatem
349 1507 391 1572 ed
405 1508 522 1573 colonis
532 1504 770 1590 ignoscendum,
780 1505 972 1587 veniamque
983 1505 1064 1570 dan·

174 1619 261 1700 dam,
285 1621 506 1686 tantummodo
535 1620 700 1704 pertinere,
723 1639 849 1702 eosque,
865 1617 918 1701 qui
940 1618 1062 1686 nullius

173 1733 233 1796 sibi
248 1733 356 1798 delicti
368 1752 513 1816 unquam
529 1731 645 1794 conscii
659 1733 796 1808 fuerant,
808 1730 928 1814 ignosci
941 1742 973 1793 et
988 1751 1063 1796 cou-

174 1842 283 1908 donari
298 1845 412 1908 nolle.'’
458 1843 518 1907 Hie
533 1842 636 1920 dictis,
646 1842 840 1926 colloquium
855 1843 1035 1928 abruptum.

218 1955 287 2020 Sub.
301 1955 400 2019 Ducis
416 1955 519 2019 Howe
532 1954 573 2019 ad
588 1955 729 2020 insulam
744 1950 859 2020 Staten
874 1955 1060 2036 adventum,

172 2068 331 2133 exercitus
340 2068 551 2133 Americanus
565 2090 606 2132 ex
621 2068 734 2134 decem
743 2069 910 2134 hominum
921 2069 1061 2135 millibus

172 2182 350 2262 constabat,
366 2193 408 2260 et,
424 2181 649 2262 supplementis
666 2182 759 2246 variis
781 2181 919 2266 quotidie
940 2181 1061 2248 adven·

57 2370 68 2392 ·
173 2292 324 2371 tentibus,
340 2302 415 2358 ante
436 2290 581 2356 Sextilis⁹
603 2298 713 2369 finem,
735 2289 777 2355 ad
801 2295 914 2376 viginti
937 2305 1059 2397 septem

172 2404 340 2473 hominum
362 2404 463 2471 millia
485 2405 625 2490 perbrevi
648 2404 784 2469 accrevit
796 2427 804 2483 ;
829 2425 965 2487 quorum
986 2426 1060 2490 pere

171 2539 299 2607 magna
306 2520 435 2584 militia*
442 2519 513 2597 fuit,
524 2520 683 2603 totiusque
693 2519 851 2584 exereitus
861 2539 933 2603 pars
944 2531 1060 2602 quarta

170 2633 360 2714 agrotabat:
384 2631 492 2709 morbi,
508 2633 625 2715 quibus
640 2631 757 2696 milites
775 2631 885 2695 novitii
899 2633 1058 2718 praecipub

169 2742 297 2806 obnoxii
306 2753 393 2820 sunt,
403 2742 470 2808 late
480 2743 685 2828 borrifiebque
695 2746 893 2830 ingruebant,
902 2756 944 2823 et,
955 2748 1058 2812 taber·

171 2854 296 2917 naculis
308 2853 533 2933 deficientibus,
545 2857 783 2940 ingravescebat
798 2859 831 2921 in
840 2857 907 2921 dies
920 2860 1054 2926 malum.

172 2963 233 3029 Hae
249 2966 343 3050 copiae
360 2976 428 3029 tam
444 2967 603 3050 sagaciter
617 2968 808 3053 solerterque
824 2970 957 3035 diversis
978 2971 1058 3038 looie

39 3072 51 3091 ⁶
168 3076 343 3161 insulisque
359 3078 612 3165 disponebantur,
626 3094 663 3145 ut
687 3083 803 3162 hostes,
819 3105 993 3169 quemnam
1008 3083 1055 3152 lo·

200 3281 210 3316 1
225 3274 426 3339 nonencorte,
437 3278 509 3325 “toa
518 3276 699 3341 publiooffiee,”
709 3292 737 3327 or
746 3279 949 3344 “employment”
1044 3320 1047 3327 r

199 3358 212 3394 ⁸
228 3351 326 3412 eruco,
337 3352 399 3402 “the
414 3352 498 3403 mouth
510 3351 538 3403 ot
548 3352 669 3418 Argum>
678 3369 707 3403 eo
721 3355 798 3406 called
814 3357 875 3407 from
889 3357 929 3408 the
944 3356 1054 3408 numeral

168 3425 885 3497 &mumurantemeeingmuixthfrommercm
896 3433 1053 3486 itwaaaller·

167 3504 329 3555 wmdeoallad
337 3507 467 3570 wau,
476 3507 537 3558 from
544 3508 885 3573 theEmperorot'tbatname.

166 3583 319 3632 :sucosa
351 3582 415 3633 This
429 3583 451 3633 ia
465 3584 520 3634 bere
533 3586 608 3635 taken
624 3585 660 3636 lor
672 3587 739 3638 wbat
753 3604 792 3639 vro
805 3588 953 3641 understand
969 3587 1052 3656 bytbn

167 3664 229 3712 urm
239 3657 519 3728 “militia”iollnglish5
535 3661 781 3730 mercennaco,
792 3664 947 3717 “auolrlier.n
