2444 4530
526 396 701 447 mmm·
984 350 1046 419 m

171 553 233 624 tur,
249 531 373 612 utilitas
393 547 474 611 tanti
496 545 604 610 haberi
621 546 724 623 debet,
738 555 776 608 ut
795 548 845 608 res
866 543 967 622 nulla,
982 562 1052 629 qun

169 673 226 720 eas
250 658 282 723 in
305 659 410 744 majus
431 661 624 744 promovere¹
646 658 750 744 possit,
767 656 974 740 negligenda,
995 666 1054 721 aut

168 769 344 836 omittenda
369 774 418 838 slt.
462 774 531 838 Me¹
553 772 624 836 aliis
643 771 822 849 doctiorem,
839 780 897 833 aut
919 768 1054 835 seientia

168 882 240 947 nlla
254 887 502 968 praestabiliorem
519 907 597 964 esse,
610 885 745 949 minime
760 883 831 948 aio:
855 903 918 962 me,
930 895 1051 960 autern,

167 995 280 1061 laboris
301 999 450 1079 multum,
472 1000 613 1084 linguas,
636 998 782 1064 Graeoam
806 1008 838 1060 et
859 997 1051 1075 Romanam,

167 1108 320 1190 docendo,
333 1112 534 1199 impendisse,
548 1124 580 1177 et
590 1110 756 1188 nonnulla,
767 1111 863 1174 soitu'
873 1110 975 1188 utilia,
988 1128 1050 1173 usu

154 1226 366 1309 ‘comperisse
388 1227 540 1291 audacter
560 1228 690 1290 affirmo.
734 1223 829 1303 Usus,
844 1225 937 1303 enim,
951 1236 982 1288 et
997 1224 1051 1289 ob·

167 1340 302 1402 servatio
311 1339 446 1423 diligens
457 1339 645 1404 omnibusin
657 1340 749 1403 rebus
761 1338 899 1403 multdm
908 1347 1049 1423 prosunt,

166 1449 224 1514 sed
238 1451 382 1516 maxime
398 1453 432 1515 in
447 1451 596 1516 docendo.

211 1562 482 1647 vigintiquinque
496 1584 649 1628 annorum
665 1565 803 1650 spatium
814 1564 882 1648 jam
895 1563 1053 1647 dilapsum

167 1684 228 1753 est,
244 1694 286 1737 ex
309 1680 396 1758 quo⁴,
410 1676 596 1760 linguarum
614 1697 726 1741 earum
747 1676 888 1741 studium
911 1674 1052 1759 prosequi

168 1786 328 1872 ooeperim.
373 1787 482 1852 Libros
504 1789 621 1852 multos
647 1788 873 1865 elementarios,
895 1797 963 1848 tam
984 1806 1053 1849 ver·

167 1900 254 1963 sione
266 1899 450 1982 Anglioand
464 1900 605 1978 donatos,
618 1904 715 1984 quam
731 1901 800 1965 illa⁸
816 1909 971 1976 carentes,
982 1918 1051 1983 per·

165 2011 272 2095 legere
288 2014 310 2078 ‘a
325 2012 500 2077 doctoribus
515 2014 623 2078 amicis
634 2025 764 2078 coactus
777 2012 832 2075 fui.
880 2008 1051 2075 Gramma·

166 2125 247 2189 tinas
271 2125 388 2190 multas
411 2137 478 2190 tam
498 2127 634 2205 Graeoas,
649 2147 747 2210 quam
768 2124 908 2201 Latinas,
925 2123 966 2187 ad
990 2132 1051 2187 uu·-

167 2242 276 2322 gnem'
287 2238 392 2302 denies
402 2251 570 2316 resectum,
578 2239 714 2303 ediscere
722 2238 832 2320 jussus
842 2255 940 2299 eram.
964 2236 1051 2301 Tan·

167 2350 251 2429 dem,
266 2351 362 2434 longo
376 2362 447 2436 post
461 2362 610 2434 tempore,
623 2351 809 2430 linguarum
824 2368 936 2410 earum
952 2347 1052 2411 medi-

167 2464 278 2528 ocriter
300 2463 417 2546 peritus
440 2463 552 2525 evasi.l
598 2461 693 2523 Tunc
708 2458 845 2542 primum
861 2461 1053 2543 praeceptoris

167 2576 270 2640 officio
279 2575 382 2657 fungi,
395 2573 481 2658 apud
491 2569 794 2654 Philadelphienaes,
808 2571 1054 2636 humanissimos

200 2721 210 2756 1
226 2715 367 2776 Pamnoaara
378 2717 428 2776 te,
440 2712 541 2762 “which
556 2726 603 2761 ean
618 2717 725 2777 promota
737 2727 764 2761 or
778 2710 886 2760 adamae
901 2712 990 2774 tham,”
1002 2713 1054 2775 (tlte

168 2790 319 2856 tangam)

199 2869 275 2929 aare,
287 2872 338 2930 te,
349 2868 469 2934 “lbyno
484 2856 868 2917 maanaaffinnthatlarnmore
882 2865 979 2918 learned
995 2867 1053 2920 then

168 2944 255 3006 athara
265 2961 293 2995 or
302 2961 367 2995 ruore
377 2944 495 2995 excellent
503 2942 528 2993 in
538 2959 588 3008 any
597 2942 713 2994 anianae.n

199 3023 404 3083 aaawmbe
420 3022 543 3084 known?
559 3020 856 3087 mahummpinsfrom
871 3021 1053 3088 aarum

169 3100 203 3151 “1
212 3099 310 3159 lrnow,’¹
320 3098 439 3164 governad
449 3099 483 3162 by
492 3099 532 3148 tlre
542 3097 656 3163 ndjandve
665 3114 730 3148 noun
739 3101 813 3149 astilia.

199 3174 937 3242 «amamuaaauuamaapaaaaa

201 3262 213 3296 a
228 3254 280 3314 Illo,
292 3257 342 3314 te,
361 3252 468 3316 (aulient,
484 3256 603 3319 otram)
619 3257 667 3302 “aa
684 3253 753 3304 tlroaa
765 3255 850 3318 books,
867 3256 919 3306 dut
933 3255 1054 3320 wanted?

173 3329 356 3470 (²:1an
358 3333 408 3471 de,
419 3407 451 3458 “l
461 3424 514 3458 war
523 3408 620 3459 ordered
630 3417 655 3460 to
664 3409 731 3459 lauru
740 3409 877 3475 parisatly,”
885 3411 929 3477 (by
936 3411 1022 3474 lauert.)
1029 3415 1055 3460 to

172 3499 215 3550 my
224 3483 273 3533 nail
283 3491 323 3534 teu
333 3483 402 3536 tinias
411 3485 492 3552 parad,
504 3485 568 3548 (that
580 3485 609 3548 ia,
620 3488 733 3553 eandm
745 3503 760 3535 a
770 3488 892 3553 metaplror
905 3488 979 3537 taken
994 3485 1056 3536 from

171 3576 206 3610 an
215 3560 374 3613 mnenon
384 3562 413 3614 ol‘
418 3563 458 3613 tlre
467 3563 549 3614 workr
557 3562 586 3613 of
595 3556 721 3613 statuarioe
731 3561 780 3612 and
790 3563 896 3612 workera
906 3561 931 3611 iu
941 3559 1039 3613 marola

203 3638 310 3701 'Enati
322 3642 371 3704 de,
381 3640 426 3704 (⁴⁴1
436 3640 581 3707 eumaem
592 3637 944 3706 “Ibammatolarablyrkillad
954 3636 1057 3692 unm

172 3715 328 3783 ungutam
990 3724 993 3729 '
