2444 4530
169 362 234 427 214
425 381 677 429 masuracroarr
699 379 788 426 vrrs.

453 820 765 889 PERORATIO.

344 1075 568 1139 LECTORI
600 1073 877 1136 BENEVOLO

490 1239 726 1297 SALUTEM.

214 1479 463 1545 Carrasaa1u1¹
487 1477 675 1545 GEORGII
699 1472 1050 1555 WASHING'I‘ONII,

170 1593 334 1657 civitatum
364 1593 587 1657 foedaratarum
615 1592 882 1657 Americanarum
914 1587 1052 1674 praesidis

167 1707 270 1791 primi,
287 1707 398 1783 vitam,
413 1702 504 1768 Latio
527 1704 687 1781 donatam,
703 1700 882 1766 mortalium
906 1698 1052 1765 omnium

166 1819 299 1903 primus,
324 1818 357 1880 in
380 1836 457 1879 usus
480 1813 688 1893 academicos,
712 1813 907 1878 scribendam
931 1810 1050 1878 curavi.

167 1926 248 1992 Duas
264 1950 316 1992 me
332 1948 436 1991 causa
455 1927 497 1990 ad
514 1924 573 1991 hoc
592 1949 669 2011 opus
686 1928 828 1992 maxime
846 1927 1052 2012 impulerunt,

166 2051 213 2117 ut,
224 2041 350 2123 nempe,
366 2038 527 2101 clarissimi
543 2040 601 2102 viri
617 2040 683 2102 vita
698 2036 855 2103 latinitate
872 2040 1051 2118 donaretur,

167 2164 265 2235 utque
289 2150 328 2216 de
343 2151 461 2233 lingua
483 2149 609 2230 Latina,
625 2174 678 2215 ma
700 2152 805 2238 ipsum
828 2150 870 2216 ad
891 2174 968 2257 opus
987 2153 1052 2218 tala

167 2265 372 2350 accingendo,
388 2267 470 2331 bene
485 2287 646 2329 meterem.

212 2382 331 2458 Quam,
348 2401 430 2457 vero,
443 2381 535 2458 bene,
547 2390 579 2443 et
593 2376 723 2443 feliciter
749 2379 935 2464 opusculum
950 2380 1051 2443 hocce

166 2496 340 2579 perfectum
356 2495 405 2571 sit,
419 2494 472 2556 alii
484 2493 648 2578 judicent:
673 2493 733 2556 hoc
750 2493 876 2556 tantum
889 2492 1051 2559 verissime

167 2606 268 2670 dicere
289 2627 428 2689 possum,
444 2627 495 2667 me
512 2606 693 2690 scriptorem
710 2617 766 2667 aut
780 2605 896 2668 librum
914 2606 1051 2684 nullum,

166 2719 247 2780 inter
274 2716 485 2793 scribendum,
508 2717 721 2780 consuluisse:
754 2717 918 2800 quidquid,
944 2718 1052 2800 igitur,

166 2828 282 2911 scripsi,
300 2830 622 2891 memoriter'tantdm
638 2830 800 2911 protulisse
816 2830 875 2903 aio.

210 2939 385 3003 Doctorum
416 2939 544 3004 laudern
577 2951 699 3024 exopto,
728 2941 936 3020 indoctorum,
963 2950 1051 3021 vero,

165 3051 294 3115 laudern
311 3065 342 3116 et
358 3054 621 3137 vituperationem
633 3053 729 3137 juxta
745 3054 875 3117 astimo.
917 3055 987 3118 Hoc
1002 3077 1051 3118 so-

165 3164 234 3227 lum
260 3165 376 3242 dicam,
399 3187 459 3243 me,
489 3165 528 3228 de
553 3166 719 3229 literatura
747 3166 942 3231 American&
967 3169 1051 3232 bene

166 3277 278 3340 merari
293 3278 428 3339 voluisse
441 3299 449 3353 ;
475 3277 598 3352 tirones,
613 3283 711 3359 porro,
723 3288 755 3341 et
767 3279 916 3356 indoctos,
930 3279 1051 3343 labores

198 3486 207 3520 r
226 3479 376 3536 October-rival,
388 3479 437 3537 da,
449 3475 488 3536 “I,
499 3474 550 3523 first
559 3474 587 3524 os
597 3475 628 3524 ull
639 3493 702 3538 men,
713 3477 774 3526 have
790 3478 863 3527 taken
873 3495 928 3527 care
943 3479 995 3528 that
1010 3478 1050 3528 tha

166 3556 206 3606 lise
216 3555 243 3605 of
254 3555 293 3604 tha
308 3559 372 3603 most
386 3551 518 3602 celebrated
529 3552 624 3618 Georgo
634 3553 805 3619 Wushington,
819 3555 870 3605 first
886 3555 1006 3620 president
1020 3554 1049 3604 of

166 3634 206 3682 the
216 3629 305 3681 Unitad
315 3631 395 3679 States
402 3629 430 3679 of
435 3629 554 3691 Ameriae,
566 3631 690 3694 presented
701 3630 759 3680 with
767 3631 865 3680 Latium
878 3632 981 3694 (clothed
991 3631 1050 3683 with

166 3709 284 3775 Latinity)
295 3708 379 3759 sortha
389 3707 471 3758 uscos
481 3707 636 3772 universities,
647 3708 731 3759 should
742 3709 772 3758 bo
782 3708 897 3760 aristam
