2444 4530
426 381 679 427 maaraoroau
702 380 791 424 ura.
990 354 1049 421 tlt

166 539 191 594 a'
205 527 363 593 Clintonio
378 523 619 589 adcomwailie
630 523 743 585 missae
755 519 891 599 tradidit,
903 530 935 583 et
944 519 1053 583 statim

165 644 236 703 -fera
259 639 450 711 interficitur.
468 688 473 700 ,
498 636 707 711 Obeeaaoree,¹
720 633 854 710 interim,
870 631 1053 710 Charonta?

168 773 292 817 navem
307 751 436 834 longam
460 748 689 825 Britannicam,
703 745 797 809 armis
821 745 989 828 ignivomis
1007 744 1054 809 in·

172 863 353 929 cenderunt.
463 904 466 909 <

217 976 376 1039 Comitem
393 973 578 1039 Comwallie
594 975 653 1037 sub
666 973 728 1037 hoo
743 984 879 1058 tempus,
894 972 1052 1036 monitum

169 1089 265 1159 fuisse
277 1090 394 1165 ferunt,
410 1098 457 1166 ut,
473 1086 583 1150 relicto
598 1087 751 1164 Eboraco,
765 1085 861 1150 saluti
879 1107 944 1149 euae
963 1106 1052 1149 exer·

171 1186 327 1284 citusque³
346 1211 474 1284 receptu
496 1199 601 1262 celeri⁴
626 1197 782 1289 consulat.
829 1197 964 1273 Quodsi
983 1217 1054 1263 sesa

171 1313 306 1397 recipere
329 1312 473 1396 coepisset
497 1311 693 1388 Comwallie,
710 1321 742 1373 et
756 1310 784 1373 si
805 1311 961 1374 exercitus
983 1310 1056 1394 ejus

166 1426 316 1507 fugatus,
332 1436 389 1486 aut
407 1403 657 1508 captusfuiseet,
673 1422 784 1485 nobilis
801 1423 891 1485 istius
905 1421 995 1486 ducis
1010 1432 1058 1487 te·

174 1537 302 1598 meritas
327 1536 431 1618 magis
456 1534 725 1619 reprehendenda,
753 1535 851 1617 quarn
874 1534 974 1597 virtus
1001 1541 1060 1596 aut

175 1647 326 1710 fortitudo
349 1648 384 1709 in
408 1647 544 1730 graviter
565 1668 661 1730 seque
689 1647 928 1729 exercitumque
953 1644 1059 1710 defen·

177 1756 294 1835 dendo,
304 1757 473 1821 laudanda
488 1758 654 1822 videretur.
699 1757 876 1825 Undecimo
892 1755 1060 1821 obsidionis

177 1869 239 1948 die,
255 1872 429 1945 obsessores
455 1872 581 1956 propius
608 1871 754 1935 accedere
773 1883 955 1956 ooeperunt3
978 1871 1059 1934 inte·

174 1983 235 2045 rim
249 1984 405 2046 sociorum
420 1983 467 2046 vis
489 2005 636 2062 crescere,
651 1983 936 2068 Britannorumque
956 1984 1059 2047 virtus

175 2094 275 2159 indies
290 2095 392 2160 minui
408 2096 509 2181 ooepit.
588 2157 591 2161 .

174 2249 177 2252 «
221 2206 376 2285 Tandem,
392 2218 512 2285 autem,
527 2207 711 2272 vulneribus
724 2209 836 2301 multis
850 2207 933 2272 datis
950 2227 1061 2292 accept

172 2318 290 2401 tuque,
318 2319 516 2397 Cornwaliis,
541 2331 600 2383 aut
628 2321 807 2384 exercitum
834 2318 980 2396 dedendi,
1006 2329 1064 2382 aut

111 2440 113 2443 '
179 2432 344 2494 communi
370 2432 515 2493 omnium
539 2431 646 2507 saluti,
668 2433 760 2512 iuga,
788 2429 985 2505 consulendi,
1010 2449 1065 2493 ne·

181 2543 361 2626 cessitatem
396 2543 455 2603 sibi
491 2542 672 2625 impositam
699 2540 842 2604 uidebat.
899 2540 1065 2620 Quocirca,

180 2652 288 2718 multa
302 2673 412 2715 secum
424 2653 490 2737 ipae
506 2653 646 2730 volvens,
659 2652 700 2716 ad
715 2664 904 2731 extremum,
919 2674 997 2717 cum
1009 2675 1065 2718 err-

176 2768 283 2838 ⁴ercitu
304 2766 458 2844 recedere,
475 2766 584 2829 sideri
598 2767 709 2849 potuit,
725 2766 871 2832 decrevit.
916 2768 1063 2852 Navigia,

180 2881 289 2963 igitur,
306 2899 403 2961 quam
425 2879 564 2963 plurima
579 2879 686 2941 atatim
709 2879 785 2956 fieri,
801 2881 978 2964 omniaque,
993 2902 1065 2964 quae

182 2993 225 3057 ad
247 2993 422 3055 exercitum
445 2991 723 3076 transportandum
745 2980 823 3077 opus
846 3005 939 3071 esset,
961 2994 1064 3079 parari

143 3084 147 3093 Ι
185 3107 289 3191 jussit.
336 3106 471 3169 Summo
495 3104 619 3167 silentio
643 3105 750 3168 omnia
778 3108 978 3189 gerebantur.
1026 3106 1065 3169 ln

215 3306 224 3340 1
243 3299 380 3358 obsessores,
397 3296 459 3346 “the
477 3295 619 3362 besiegers,”
634 3297 678 3347 viz.
695 3298 736 3348 the
755 3297 850 3348 Frenm
869 3297 918 3347 and
935 3294 1065 3345 American

184 3383 367 3512 ¹1(iopdiscrouts,
379 3450 439 3500 “the
447 3449 568 3512 Charon,”
578 3449 606 3500 of
615 3451 741 3516 scay-seur
750 3467 822 3516 gurra,
831 3456 869 3500 aet
880 3466 912 3499 on
926 3448 970 3498 flre
983 3449 1017 3512 by
1026 3446 1067 3496 tha

185 3527 287 3592 utillery
297 3527 325 3577 os
329 3527 370 3576 the
379 3526 506 3593 besiegere,
517 3527 579 3590 who,
588 3528 703 3590 lilrewise,
713 3527 772 3577 fired
782 3535 889 3576 morture.

175 3596 177 3602 ’
208 3602 229 3648 '⁸
243 3605 372 3665 mecca,
383 3621 398 3652 a
407 3603 511 3670 genitive
521 3618 584 3665 case,
595 3603 731 3669 depending
739 3619 771 3653 on
781 3605 850 3654 saluti
858 3601 957 3666 impiicd.

219 3690 232 3726 s
246 3682 347 3746 Recepta
356 3682 429 3744 esici,
440 3683 516 3746 “bys
524 3680 614 3747 speedy
624 3684 731 3732 aream
