2444 4530
166 344 208 407 82
423 357 675 404 wassrnororur
698 356 786 401 vrrs.

168 504 252 569 Cum
274 524 328 588 per
347 503 492 568 civitates
512 513 622 566 autem
637 503 696 565 iter
714 504 863 577 facerent,
878 499 965 564 nulii
987 503 1053 564 fere

167 615 208 679 ad
230 637 282 679 eos
304 637 371 678 sese
396 615 599 700 recipiebant,
615 614 735 691 multis,
761 613 898 691 interim,
916 613 962 681 ed
985 614 1053 679 Bri-

166 739 282 791 tannos
297 727 562 810 confugientibus.
663 774 665 779 ⁴

210 840 349 905 Parvum
375 859 502 922 agmen,
523 837 608 922 quod
632 836 773 900 recedere
798 837 969 922 inceperat,
997 838 1053 902 sti-

166 951 281 1038 pendia
289 953 356 1017 sere
365 951 541 1028 emeritum,
549 951 583 1013 in
594 949 661 1013 dies
670 949 931 1012 imminuebatur.
952 949 1051 1014 Tem·

166 1064 256 1149 poris,
273 1063 358 1149 apud
372 1064 548 1129 exercitum
562 1061 723 1139 manendi,
736 1061 805 1146 jam
820 1063 926 1125 exitus
949 1063 1051 1126 insta·

166 1177 220 1241 bat
232 1199 241 1254 ;
258 1179 368 1259 utque¹
381 1176 502 1240 diutius
513 1175 670 1260 stipendia
683 1175 794 1238 mereri
806 1185 951 1259 pergent,
962 1175 1050 1241 haud

167 1287 241 1351 ullis
260 1289 402 1373 precibus
422 1299 479 1354 aut
499 1288 594 1352 minis
614 1286 721 1351 induci
741 1288 882 1370 quivere.
928 1288 1051 1373 Appro-

167 1402 339 1487 pinquante
353 1402 454 1478 hoste,
469 1401 688 1486 imperatorem
709 1399 886 1464 deseruere.
933 1400 1051 1464 Militia

167 1514 467 1598 Pennsylveniensis
482 1513 524 1580 ed
537 1514 676 1598 primum
691 1532 791 1596 usque
803 1512 889 1575 diem
903 1511 923 1576 J
925 1513 1050 1577 anuarii

167 1629 285 1691 mensis
300 1627 384 1713 apud
393 1628 569 1692 exercitum
579 1647 707 1689 manere
718 1624 862 1703 debebat,
874 1636 908 1688 at
919 1624 1051 1690 domum

167 1740 343 1804 revertendi
363 1739 476 1824 cupido
495 1749 587 1801 tenta
602 1738 739 1815 incessit,
756 1749 802 1815 ut,
818 1758 928 1800 eorum
948 1738 1051 1823 prohi-

168 1850 339 1916 bendorum
355 1849 662 1932 coercendorumquc
678 1855 788 1928 cause,
800 1849 944 1934 praesidia
959 1853 1051 1914 firma

168 1962 212 2027 ad
225 1983 334 2026 omnes
349 1964 414 2027 sere
429 1961 581 2045 trajectus
597 1962 746 2047 disposita
761 1963 887 2027 fuerint.

212 2075 367 2158 Legiones
383 2074 454 2138 duae
465 2074 685 2157 Ticonderoga
696 2098 763 2138 sese
774 2077 920 2160 recipere,
931 2086 965 2139 et
976 2096 1051 2141 oum

169 2187 412 2271 Wasbingtonio
435 2207 552 2283 agmen
568 2188 760 2271 conjungere
772 2189 838 2272 jam
856 2188 981 2253 dudem
1001 2190 1051 2273 ju·

168 2303 341 2367 bebantur:
369 2312 403 2364 at
417 2301 547 2364 ineunte
569 2321 679 2363 mense
702 2301 879 2379 Decembri,
895 2301 1052 2385 stipendia

169 2415 282 2480 mereri
304 2413 472 2479 desierant.
519 2413 656 2478 Nomina
671 2414 768 2496 igitur
785 2412 870 2498 apud
885 2414 1052 2498 imperato·

167 2550 235 2594 rem
248 2529 352 2593 denuo
366 2527 499 2612 profiteri
512 2528 703 2604 abnuebant,
716 2526 881 2608 omnisque
894 2525 937 2590 cd
948 2547 1051 2589 unum

170 2642 300 2705 domum
316 2640 430 2704 abiere.
477 2641 554 2703 Dux
568 2641 641 2716 Lee,
657 2640 712 2722 qui
728 2639 824 2722 copiis
839 2639 902 2702 eois
916 2639 1050 2723 prefuit,

169 2753 291 2816 flumen
306 2751 546 2834 septentrionale
563 2752 714 2835 trajicere,
731 2772 825 2833 seque
841 2770 916 2822 cum
931 2750 1052 2814 exerci-

170 2873 207 2925 tu
229 2861 392 2926 recedente
415 2884 592 2946 aggregare
609 2866 631 2928 a
647 2863 888 2945 Washingtonio
908 2883 1051 2948 sepenu-

170 2981 258 3040 mero
271 2975 459 3058 jubebatur-3
485 2987 519 3040 at
530 2976 627 3059 jussis
640 2975 728 3040 haud
741 2977 968 3061 obtemperavit
983 2976 1051 3040 dux

169 3087 238 3151 iste.
285 3087 370 3155 Cum
382 3086 490 3170 procul
499 3098 531 3149 et
544 3090 565 3154 b
580 3089 655 3165 suis,
668 3100 700 3151 et
711 3090 752 3152 ab
764 3089 905 3155 hostibus
917 3090 1049 3167 obesset,

171 3201 193 3264 a
208 3197 364 3264 Britannis
379 3198 614 3262 circumventus
629 3212 802 3284 captusque
818 3202 888 3267 fuit.

215 3311 280 3376 Res
302 3309 408 3378 hoecce
422 3309 613 3395 suspiciones
628 3312 748 3394 genuit,
765 3313 866 3393 illum,
883 3314 1051 3399 desperate

168 3423 431 3495 Americanorum
456 3426 565 3501 causa,
593 3423 635 3487 ed
665 3424 831 3489 Britannos
860 3429 1047 3511 perfugisse.

223 3633 233 3677 t
251 3625 331 3695 thue,
343 3629 393 3699 pe,
404 3625 473 3683 “end
483 3627 534 3687 that
542 3626 598 3703 tbep
608 3626 688 3680 would
698 3642 729 3704 go
736 3642 768 3678 on
777 3633 803 3687 to
813 3644 880 3680 serre
889 3629 915 3679 in
925 3633 998 3683 πω*
