2444 4530
190 398 252 463 m
447 409 702 461 wasarracomr
725 409 813 456 vrrs.

188 559 367 644 absumpsit
377 581 387 638 ;
411 559 580 647 attamen,¹
593 558 615 623 a
627 555 740 635 Gallis,
750 553 895 620 civitates
905 552 1074 620 traderetur

189 673 401 741 Americenas
424 670 505 735 bello
527 670 664 756 petitum
685 669 734 747 iri,
756 665 845 732 haud
868 666 1026 747 credidit;
1047 679 1076 732 et

188 790 408 871 saepenumerb
429 782 546 848 dixisse
567 785 674 861 fertur,
699 782 854 857 “Quum⁸
867 780 1076 846 Americancs

190 898 365 963 exercitum
387 896 555 981 scripsisse,
571 907 603 959 et
623 915 722 973 arma,
737 915 792 979 pro
811 893 917 958 salute
936 905 971 957 et
989 894 1077 958 liber·

189 1021 266 1088 tate,
295 1010 423 1094 cepisse,
451 1011 474 1075 a
503 1008 606 1073 Gallis
639 1008 804 1092 cognitum
832 1007 938 1085 fuerit,
970 1006 1078 1072 Gallos

192 1123 353 1210 (quamvis
374 1124 502 1186 fortuna
529 1120 615 1185 dulci
639 1120 724 1199 ebrii,
748 1120 905 1203 rebusque
933 1118 1077 1184 secundis

189 1233 291 1318 elati)
309 1235 429 1299 bellum
442 1245 476 1298 et
491 1245 652 1298 certamen
675 1253 769 1298 omne
783 1252 860 1296 cum
875 1232 1077 1297 Americanis

189 1346 276 1413 illieb
292 1346 521 1412 detrectaturos
536 1348 637 1410 esse.”
983 1354 986 1361 '

234 1459 346 1538 Facta,
358 1467 461 1545 porrb,
470 1459 686 1542 conjecturam
697 1457 792 1521 istam
802 1455 1003 1520 verissimam
1014 1476 1077 1520 esse

190 1575 331 1660 perbrevi
346 1573 503 1639 docuere:
527 1574 638 1654 quum,
654 1570 751 1648 enim,
766 1569 978 1634 Americcnes
993 1589 1079 1633 arma

191 1689 322 1773 cepisse,
338 1697 524 1771 paratosque
547 1705 614 1748 erec
637 1682 678 1747 ad
698 1703 824 1747 omnem
840 1681 998 1766 impetum
1014 1702 1079 1768 pre·

191 1799 246 1863 cul
257 1801 279 1864 a
289 1799 431 1862 litoribus
444 1797 592 1861 Columbi
603 1794 860 1881 propulsandum,
870 1795 893 1860 b
903 1795 1009 1859 Gallis
1014 1795 1079 1879 jam

192 1909 358 1990 cognitum
374 1920 480 1986 esset;
504 1930 573 1972 sese
596 1910 706 1972 statim
729 1928 803 1973 cum
826 1907 1028 1973 Americanis
1043 1907 1079 1972 dc

191 2041 270 2107 pace
286 2042 381 2104 agere
397 2021 478 2084 velle
495 2020 659 2098 dixerunt;
682 2021 900 2104 quamobrem,
915 2032 979 2085 tres
993 2020 1080 2104 lega·

192 2145 240 2200 tes
264 2133 307 2199 ad
327 2133 556 2219 rempublicam
580 2133 741 2198 Gallicam
763 2132 935 2198 mittendos
957 2133 1081 2199 curavit

191 2269 303 2334 preses
326 2245 468 2326 Adam13
492 2246 571 2330 qui‚⁴
591 2246 646 2310 ubi
661 2252 700 2310 eb
716 2249 887 2324 venerunt,
902 2246 1080 2331 reipublice

193 2361 326 2429 Gallicae
339 2363 476 2427 formam
488 2370 659 2437 mutatam,
671 2370 702 2422 et
715 2359 905 2443 Bonaparte,
918 2357 1080 2422 hominem

192 2497 323 2554 novum,
352 2476 445 2540 rebus
471 2474 621 2538 omnibus
650 2472 850 2557 prepositum
877 2472 1078 2536 invenerunt.

195 2590 280 2655 Cum
303 2589 366 2665 illo,
383 2589 490 2670 igitur,
514 2608 625 2672 pacem
647 2597 680 2649 et
701 2585 803 2648 foedus
824 2585 977 2649 facillime
999 2586 1081 2649 fece·

193 2713 288 2779 runt;
318 2701 447 2784 quippe,
473 2700 570 2778 Galli,
591 2722 628 2763 eo
653 2711 803 2783 tempore,
818 2717 924 2763 rerum
949 2717 1080 2762 suarum

138 2828 140 2833 ’
193 2813 394 2895 satagebant,
406 2823 438 2875 et
451 2813 635 2876 Americani
648 2812 756 2875 omnia
769 2813 868 2894 quem
880 2810 1000 2874 bellum
1013 2832 1082 2875 ma·

193 2921 317 3003 lebant;
343 2946 416 3009 pax,
432 2925 549 3008 itaque,
562 2926 714 2990 facillime
730 2927 825 2988 sacta.

224 3055 233 3090 ¹
249 3052 363 3112 Attamen,
376 3056 426 3113 aa,
438 3055 452 3080 “
458 3054 502 3102 but
510 3059 557 3116 yet,
568 3053 598 3101 he
608 3052 648 3101 did
658 3059 699 3103 not
705 3051 795 3101 believe
801 3049 852 3100 tbet
859 3050 899 3100 tha
904 3048 993 3100 United
1000 3050 1083 3100 Status

193 3124 222 3178 οἶ
227 3123 347 3190 Ameriae,
358 3129 475 3178 wouldbe
485 3128 598 3178 sttacked
608 3131 641 3193 by
651 3129 690 3178 the
700 3129 795 3178 Frencb
804 3127 829 3178 in
838 3131 912 3177 war.”

223 3212 236 3248 ¹
254 3205 340 3266 Quam,
350 3210 399 3267 ba,
411 3206 503 3255 “when
516 3207 554 3269 (or
563 3206 633 3270 aller)
645 3206 664 3255 it
674 3206 734 3255 shall
752 3208 813 3256 hare
828 3207 888 3255 been
906 3206 998 3256 known
1008 3206 1038 3268 by
1046 3205 1083 3255 tle

193 3282 292 3343 mma
302 3281 355 3330 thet
364 3281 405 3330 the
419 3281 562 3332 Americans
572 3284 633 3332 hare
643 3283 721 3331 raised
737 3300 769 3332 an
785 3299 860 3348 army,
874 3283 922 3332 aud
933 3283 993 3332 beve
1007 3282 1083 3332 talen

192 3374 267 3420 arms,
277 3358 313 3408 ser
322 3358 384 3408 their
392 3356 469 3423 salety
479 3359 528 3409 and
545 3359 636 3424 liberty,
647 3359 699 3408 thet
713 3359 754 3409 the
769 3360 864 3410 French
881 3360 1008 3425 (eltbougb
1025 3360 1083 3425 they

194 3452 258 3488 were
274 3435 418 3487 intoxicated
434 3437 467 3500 by
477 3436 601 3499 egreeeble
615 3435 715 3497 fortune,
731 3436 779 3486 md
795 3437 872 3487 elated
889 3439 922 3502 by
937 3437 1081 3503 prosperity)

194 3515 243 3567 will
252 3514 414 3579 immediately
424 3513 517 3563 decline
527 3514 558 3562 all
568 3529 620 3562 war
629 3513 677 3563 end
688 3522 780 3565 contest
790 3515 847 3564 witlr
857 3515 921 3576 tlre,”
930 3516 976 3564 lec.

226 3603 238 3641 ι
254 3596 309 3657 Qui,
322 3597 371 3656 pa,
382 3596 398 3622 “
404 3593 465 3654 who,
478 3591 541 3653 (illst
550 3590 662 3653 iswhich
672 3592 737 3642 three
743 3591 871 3642 American
882 3589 1081 3655 Ambmedm)

195 3673 267 3722 rrben
277 3673 334 3738 they
341 3671 388 3722 had
395 3687 462 3722 come
471 3669 565 3731 thither,
574 3669 636 3732 (tbst
645 3669 673 3730 is,
680 3670 751 3719 tathe
758 3669 851 3719 Freacb
860 3668 999 3735 Republie,)
1008 3666 1082 3719 scunt!

195 3749 237 3800 tbe
251 3749 350 3801 mmet*
359 3749 400 3800 the
414 3747 508 3799 Frencb
524 3744 642 3812 Republic
655 3745 773 3812 changed,
783 3744 831 3795 and
847 3745 1082 3813 beneparmnerr

195 3841 262 3890 man,
274 3836 326 3890 tace
335 3826 421 3879 tormer
429 3831 518 3892 news)
530 3823 614 3892 placed
623 3840 678 3876 over
687 3823 720 3876 all
729 3822 831 3874 affairw
