2444 4530
424 365 678 411 wssnrnoronu
700 367 788 413 vrrs.
988 346 1051 411 108

165 531 242 587 nus,
258 509 298 574 (le
312 530 376 593 quo
400 509 497 574 modo
522 510 737 588 meminimus,
752 529 888 594 sperans,
902 510 1053 574 naribus*

167 622 304 686 Gallicis
330 620 508 699 reducibus,
533 620 735 703 hostiumque
762 621 859 706 copiis
887 622 1052 686 maritimis

168 745 229 797 aut
245 735 353 817 captis,
371 745 428 796 aut
452 742 640 817 tempestate
656 732 803 817 disjectis,
819 754 887 797 sese
912 733 1054 818 perbrevi

167 845 307 909 hostium
322 866 414 930 opera
429 845 537 909 omnia
552 865 736 930 expugnare
756 867 856 930 posse,
872 866 1052 930 propugna-

168 959 291 1023 culum⁸
301 960 452 1022 acerrime
463 957 595 1042 aggredi
606 969 638 1020 et
648 957 785 1022 obsidere
795 959 939 1023 instituit.
966 958 1052 1024 Con·

167 1071 385 1150 silio,³autem‚
394 1071 660 1154 D’Estaing,sesa
671 1071 866 1149 Bononiam,
874 1071 1051 1137 reficiendae

167 1183 274 1248 classis
286 1187 398 1260 causa,
410 1182 591 1268 recipiendi,
603 1183 740 1265 cognito,
754 1183 787 1246 in
798 1183 954 1247 Sullivani
964 1183 1052 1249 sortis

167 1297 317 1374 exercitu,
328 1296 531 1380 querimonia
544 1296 651 1359 libera
665 1295 817 1374 exaudiri,
827 1307 859 1360 et
868 1299 892 1363 a
900 1296 1057 1361 militibus.

107 1485 110 1489 .
168 1409 328 1492 gregariis,
343 1409 378 1473 in
392 1409 515 1486 socios,⁴
530 1408 610 1471 mali
625 1420 779 1487 auctores,
790 1408 905 1493 jactari
919 1425 952 1473 et
964 1409 1055 1494 rejici

170 1533 289 1605 coeptae.

206 1633 285 1697 Hac
296 1633 949 1700 sententianonnullisinimicavidcbatur.
966 1633 1057 1699 Mela

169 1757 325 1825 attamen,
341 1769 411 1830 quae
425 1747 459 1811 in
474 1769 506 1810 re
522 1759 591 1811 tam
605 1749 768 1834 insperata
784 1748 928 1813 timenda
942 1749 1055 1828 forant,

167 1859 314 1944 providit⁸
342 1858 578 1944 Washingtonii
604 1882 695 1925 mens
718 1873 825 1940 cauta,
847 1861 1054 1945 Fayettaqus,

167 1973 282 2038 Gallus
302 1973 485 2057 prenobilis,
507 1975 737 2060 imperatorem,
756 1975 818 2040 hac
840 1975 875 2039 in
897 1996 940 2052 re,
956 1972 1053 2058 pluri·

165 2088 255 2151 mum
272 2071 408 2170 'adjuvit
453 2088 601 2173 Epistolis
623 2088 805 2168 nuntiisque
825 2087 944 2164 multis,
958 2104 1055 2171 super

166 2197 228 2261 hac
243 2218 287 2276 re,
301 2197 385 2262 ultro
400 2198 539 2281 citroque
554 2196 670 2274 missis,
685 2195 729 2263 ad
741 2196 806 2264 alia
817 2196 963 2280 quaedam
977 2218 1056 2263 avo-

167 2312 299 2374 cabatur
313 2310 591 2392 Washingtonius.

211 2423 280 2486 Sub
292 2423 368 2485 anni
377 2421 575 2503 insequentis
594 2421 705 2496 finem,
716 2439 842 2503 nempe,
855 2418 931 2481 anni
942 2418 1060 2484 Christi

167 2532 332 2600 millesimi
367 2531 643 2617 septingentesimi
687 2529 913 2614 septuagesimi
944 2530 1059 2612 octavi,

168 2651 246 2712 cum'
259 2644 395 2732 plurima
403 2646 473 2730 jam
483 2653 644 2706 transacta
653 2643 797 2720 fuissent,
810 2661 946 2727 cumque
958 2641 1059 2709 hiems

169 2762 313 2837 instaret,
327 2760 369 2823 ad
383 2756 564 2835 Canariam,
576 2735 792 2820 Britannicam
806 2756 1011 2841 provinciam,
1026 2767 1059 2824 et

170 2874 352 2939 civitatibus
359 2870 560 2936 Americanis
568 2869 805 2948 conterminam,
812 2890 915 2933 manu
924 2873 1057 2953 magna,

172 2987 401 3064 invadendam,
414 2985 561 3048 animum
574 2983 695 3068 appulit
712 2983 914 3067 congressus.
963 2981 1058 3047 Colo-

202 3152 212 3188 ι
228 3126 344 3204 Naum,
356 3145 407 3204 ba,
417 3142 434 3168 ⁴⁴
441 3139 481 3189 the
490 3129 585 3188 Frenoh
595 3136 659 3203 ships
669 3136 814 3202 retuming.”

203 3229 216 3266 s
229 3219 439 3284 Propognocrdum,
458 3220 508 3278 isc,
525 3216 575 3265 “be
590 3215 697 3265 resolved
706 3221 732 3266 to
741 3213 840 3277 assauh,
850 3213 911 3264 with
919 3212 960 3262 the
968 3215 1061 3262 utmost

172 3298 246 3365 vigor,
256 3297 304 3347 and
314 3296 410 3360 besiege
420 3295 460 3344 tbe
469 3298 577 3359 enemy's
586 3293 704 3344 sortress”

203 3384 216 3420 s
233 3376 339 3436 cenobio,
351 3377 401 3436 ba,
409 3376 424 3401 “
430 3375 473 3422 but
482 3373 523 3421 the
533 3371 616 3437 design
624 3371 652 3420 os
657 3369 800 3434 D'Estaing‚
806 3365 956 3432 olrepairing
964 3371 990 3414 to
998 3362 1060 3413 Bos-

173 3451 310 3515 tonsortbe
320 3467 422 3516 purpose
431 3449 566 3514 ofrelitting
574 3449 612 3498 bis
619 3448 682 3510 fleet,
689 3446 763 3512 being
771 3445 925 3526 bnown,”(to
934 3442 1060 3492 sauma»

174 3535 238 3583 aaa
247 3533 273 3580 ia
283 3531 362 3580 ntea
371 3530 449 3578 laland
458 3530 504 3577 arrd
514 3527 651 3588 alumine)

205 3617 217 3653 s
235 3609 318 3667 Socios,
329 3609 344 3635 “
350 3604 409 3655 their
418 3605 506 3667 allies,”
517 3604 558 3652 tbe
567 3601 669 3653 hanah.

205 3694 219 3731 s
234 3685 345 3747 noca,
356 3685 371 3712 a
378 3681 479 3732 arem
489 3679 530 3730 m
540 3679 620 3743 seue
631 3679 675 3728 aa
