2444 4530
428 411 680 459 wasnnmsorur
703 412 791 460 viar.
990 396 1048 463 171

168 568 317 619 serenum
331 557 396 618 fore
418 558 558 640 putabat.
604 559 772 636 Quamvis,
787 555 909 636 autem,
924 581 957 624 se
969 562 992 626 a
1005 582 1053 627 re·

167 669 297 753 publica
312 680 343 731 et
359 669 452 732 undis
466 669 609 734 civilibus
619 672 726 756 procul
735 690 883 735 amovere
896 674 1052 758 cupiebat,
1091 672 1095 677 ’

167 782 312 866 patriam,
328 782 545 862 nihilominus,
569 784 648 847 adeo
671 784 832 868 diligebat,
855 797 902 863 ut,
926 802 999 850 eam
1020 789 1054 853 in

166 915 231 970 ore,
252 895 286 956 in
309 895 562 978 cogitationibus,
583 898 616 959 in
639 897 730 960 corde
752 919 873 982 semper
894 893 1050 965 habuerit.

169 1008 302 1085 Quum,¹
317 1008 455 1094 insuper,
470 1007 606 1072 classem
622 1009 780 1074 Gallicam
792 1012 941 1074 militibus
957 1035 1052 1077 onus-

168 1130 245 1198 tam,
257 1121 299 1184 ad
310 1144 379 1184 oras
392 1123 603 1186 Americanas
614 1123 700 1186 brevi
712 1124 928 1207 appulsuram‚
942 1146 1052 1190 omnes

168 1233 339 1311 crederent,
355 1234 582 1297 foederatarum
605 1235 766 1318 copiarum
789 1232 1053 1303 Americanarum

166 1345 449 1429 Washingtonium
472 1348 693 1430 imperatorem
716 1367 782 1410 esse
805 1360 956 1433 oportere,
976 1369 1053 1414 voce

167 1462 237 1522 una
253 1457 489 1521 conclamatum
507 1470 563 1523 est.

212 1571 283 1634 Etsi
295 1571 568 1654 Washingtonius‚
576 1571 644 1655 jam
656 1590 764 1650 senex,
771 1571 873 1636 otium
883 1573 1053 1659 privatum,

166 1703 230 1768 prae
252 1684 409 1760 omnibus,
433 1684 606 1761 adamavit,
631 1685 761 1762 hostes,⁸
777 1697 897 1765 tamen,
919 1688 1054 1772 patriam

166 1796 388 1859 charissimam
399 1796 556 1873 invadere,
569 1796 748 1860 serre‘haud
760 1798 869 1882 potuit.
897 1800 1054 1873 Quocirca

166 1909 361 1993 imperatoria
376 1910 524 1987 officium,
537 1910 678 1986 tandem,
692 1911 812 1975 invitus
828 1911 960 1995 accepit.
995 1911 1052 1976 Di-

165 2022 272 2108 ploma
295 2022 444 2106 speciale³
467 2023 488 2086 a
510 2022 639 2106 praeside
662 2033 695 2084 et
711 2022 890 2106 Congressu
912 2023 955 2086 'ad
975 2045 1053 2088 eum

165 2135 318 2212 missum;
343 2154 404 2217 quo
419 2135 453 2198 in
468 2134 649 2218 diplomate,
661 2135 690 2196 ei
703 2146 905 2219 praeceptum,
916 2147 954 2198 ut
965 2136 1053 2200 vide-

166 2257 222 2325 ret,
232 2267 272 2310 ne
284 2247 360 2330 quid
371 2247 449 2309 mali
461 2258 517 2309 aut
529 2247 708 2310 detrimenti
718 2247 847 2310 libertas
859 2244 1054 2312 Americana

165 2359 301 2444 caperet.
324 2360 399 2424 Post
413 2360 472 2422 hoo
486 2356 625 2443 diploma
637 2371 814 2442 acceptum,
828 2376 976 2440 agrorum
988 2358 1054 2421 cul-

166 2473 226 2547 tui,
248 2471 421 2534 amicorum
443 2471 587 2554 negotiis,
609 2481 641 2532 et
663 2470 782 2532 muniis
804 2470 905 2548 novis,
929 2481 1054 2555 tempus

164 2583 329 2666 aqualiter
340 2581 506 2647 distribuit.
540 2584 577 2646 ln
590 2582 742 2666 praefectis
755 2581 875 2646 idoneis
888 2583 1052 2666 eligendis,

166 2696 335 2780 armisque⁴
352 2697 526 2760 exercitum
541 2694 734 2772 instruendo,
750 2696 898 2780 temporis
915 2697 1053 2760 multum

196 2901 206 2937 1
224 2896 309 2956 Quum,
321 2897 373 2955 dea,
389 2896 538 2954 “moreover,
549 2893 620 2942 when
638 2892 669 2940 all
684 2892 791 2941 believed
801 2892 878 2942 theta
887 2893 982 2945 French
990 2895 1052 2956 fleat,

165 2970 237 3020 leden
247 2971 306 3020 with
315 2969 423 3032 soldiers,
434 2970 513 3019 would
531 2969 621 3034 shortly
630 2969 688 3018 land
704 2985 736 3018 on
752 2969 792 3018 the
807 2969 937 3019 American
952 2979 1025 3033 coast,
1034 2970 1054 3022 it

165 3063 218 3098 vas
233 3047 378 3112 proeleimed
388 3047 468 3109 eloud,
479 3046 537 3096 with
547 3063 593 3096 one
605 3046 679 3108 voice,
692 3046 884 3112 (unanimously)
900 3048 951 3098 thet
960 3047 1052 3097 Wash-

165 3124 249 3190 ington
259 3125 334 3188 ought
342 3131 368 3174 to
377 3126 407 3174 be
417 3125 459 3174 the
468 3123 624 3174 commender
635 3122 755 3189 (inachiet)
767 3123 840 3174 ofthe
850 3124 932 3175 united
939 3124 1015 3174 forces
1025 3124 1054 3175 os

166 3201 302 3252 anetem

197 3285 210 3321 a
224 3279 316 3338 Hostes,
328 3280 378 3340 ba,
389 3282 404 3307 “
410 3279 448 3341 he,
458 3286 506 3344 yet,
517 3278 587 3328 could
601 3286 644 3328 not
652 3279 749 3342 endure,
759 3279 812 3328 that
821 3279 861 3328 the
870 3295 957 3344 enemy
967 3279 1053 3329 should

166 3353 255 3405 invade
269 3353 307 3402 hie
323 3361 386 3404 most
401 3356 459 3405 deur
475 3365 575 3421 country
581 3361 605 3420 ;”
621 3373 652 3405 an
668 3364 746 3418 event,
756 3355 836 3405 which
845 3373 905 3419 was,
915 3358 990 3406 about
1005 3356 1053 3406 this

166 3431 233 3493 time,
244 3430 408 3495 apprehended
420 3435 453 3498 by
462 3449 543 3498 many,
553 3433 612 3483 from
621 3434 661 3483 the
670 3434 778 3498 haughty
788 3431 837 3481 end
853 3433 982 3498 menacing
998 3433 1052 3483 atti-

166 3508 225 3559 tude
235 3507 349 3558 assumed
359 3511 391 3573 by
401 3509 441 3558 the
450 3510 545 3560 French
555 3509 684 3575 Directory.

198 3587 335 3648 tDiplomo
350 3588 451 3648 spectate,
472 3590 510 3635 “a
524 3586 613 3650 special
632 3584 808 3647 commission,”
827 3583 985 3648 constituting
1002 3581 1053 3634 him

166 3661 406 3728 heuoenanbgenerel
415 3663 487 3712 ostiae
496 3662 625 3712 American
635 3663 730 3712 armies.

197 3741 356 3806 admotaque,
367 3739 497 3804 &stand
508 3741 556 3805 (a)
566 3739 749 3806 fumishingthe
759 3738 989 3805 ermywtthmt
