2444 4530
423 377 673 427 waanruonoun
696 378 785 424 vrri.
985 357 1047 427 lor

167 522 407 598 Britannuma
428 541 482 584 me
503 522 617 585 missus
638 524 755 596 suerat,
769 518 873 583 foedus
894 520 947 583 illo
969 540 1049 585 cum

167 655 243 717 rege
266 634 426 720 percussit,
442 633 553 698 sedulo
570 655 698 697 mecum
712 633 776 717 ipse
793 643 900 695 mente
914 634 1049 718 agitavi

168 746 287 809 Multa¹
313 746 391 808 mihi
417 745 473 809 din
498 745 647 823 volventi,
675 745 743 808 haec
766 745 865 828 potior
892 745 1049 809 sententia

167 858 246 921 visa.
292 858 425 922 Foedera
447 856 588 934 feriendi,
603 858 715 940 quavis
736 869 930 941 cumgente,
946 858 1050 921 fecul-

166 973 280 1033 tatem⁵¹
295 971 414 1053 presidi
428 970 553 1053 legibus
565 969 755 1032 mandatam
767 990 844 1034 esse.
890 972 1048 1034 Senatum

166 1088 241 1145 vero
257 1082 489 1145 Americanum
511 1081 629 1145 foedera
651 1081 784 1159 sancire,
800 1093 856 1145 eut
873 1083 960 1145 irrita
982 1084 1049 1146 effi-

167 1212 235 1256 cere
256 1215 353 1277 posse.
401 1194 483 1270 illos,
506 1205 626 1271 autem,
642 1194 696 1277 qui
712 1192 889 1257 decretum⁸
902 1193 987 1257 istud
1005 1193 1049 1258 ao

166 1325 217 1368 me
243 1306 367 1383 misere,
387 1306 512 1369 nullam
536 1306 665 1368 omnino
691 1316 878 1389 potestatem
903 1307 966 1368 tale
991 1306 1049 1368 nli·

166 1417 243 1499 quid
269 1419 431 1501 praesidem
457 1417 605 1500 poscendi
630 1417 755 1481 habero.
803 1417 970 1493 Quocirca,
995 1415 1052 1478 de·

167 1539 255 1591 creto
269 1530 393 1592 illorum
408 1531 545 1611 obsequi,
558 1542 616 1591 aut
630 1550 749 1592 morem
765 1550 881 1612 gerere,
895 1528 1050 1610 nequeo.”

212 1638 283 1703 Etsi
306 1641 491 1703 chartarum
519 1642 684 1723 flagitatio,
714 1645 827 1725 parum
855 1639 1050 1724 procedebat,

167 1751 298 1828 consilii,
331 1762 449 1829 tamen,
480 1752 571 1815 istius
597 1756 736 1816 fautores
765 1753 916 1837 pecunias
943 1750 1053 1815 ioederi

166 1863 235 1926 vim
268 1863 414 1927 addendo
448 1865 641 1927 necessarias
672 1867 801 1928 strenue
838 1863 1049 1946 denegabant.

166 1976 346 2053 sancitum,
360 1975 500 2053 tandem,
514 1976 625 2054 foedus,
640 1977 821 2058 civibusque
838 1996 893 2059 per
907 1975 1050 2038 edietum

167 2089 365 2164 nunciatum,
378 2099 414 2150 ut
429 2088 538 2150 foederi
551 2089 717 2151 audientes
732 2099 845 2151 essent.
892 2088 1054 2151 Pecunia}

166 2200 232 2262 vim
254 2200 361 2263 foederi
384 2199 527 2263 addendo
550 2202 744 2264 necessarius
767 2199 938 2280 denegare,
952 2198 1050 2261 fidem

167 2313 327 2396 publicam
351 2314 526 2376 necessario
552 2313 774 2375 imminuisset.
823 2311 909 2373 Cum
930 2311 1055 2394 discep-

166 2424 245 2486 tatio
266 2424 364 2504 longa
386 2425 474 2484 facta
493 2434 585 2499 esset,
599 2422 753 2504 pecunias
766 2421 877 2482 foederi
898 2420 1053 2483 servando

166 2534 360 2597 necessarias
375 2534 519 2617 prebere,
535 2533 697 2614 egerrime
712 2533 735 2595 a
752 2531 932 2612 Congrenu
947 2530 1056 2594 decre*

169 2657 252 2709 tum.
828 2659 831 2662 ’

215 2759 367 2834 Quamvis
377 2759 437 2821 hoo
448 2757 480 2820 in
492 2777 536 2834 re,
547 2756 812 2838 Washingtonius
824 2756 869 2818 nil
883 2775 936 2840 per
948 2777 981 2818 se
997 2756 1054 2839 agi·

170 2871 290 2950 voluit;
313 2875 444 2948 tamen,¹
461 2891 502 2932 ex
525 2869 594 2952 ejus
617 2868 744 2931 consilio
764 2868 868 2931 foedus
891 2868 1050 2930 sancitum

169 2982 264 3066 plane
289 2983 394 3064 liquet.
442 2981 585 3057 Foedere,
610 2981 704 3057 enim,
726 2981 796 3057 isto,
820 2983 841 3044 a
862 2980 991 3064 praeside
1018 2990 1051 3042 et

199 3155 209 3189 1
225 3150 309 3208 Multa,
328 3150 377 3207 Spe,
395 3146 463 3194 “this
479 3145 605 3195 resolution
620 3146 714 3195 seemed
729 3147 804 3196 better
820 3154 845 3196 to
864 3162 910 3209 me,
929 3145 1055 3209 revolving.

169 3239 244 3288 many
253 3223 334 3286 things
343 3222 379 3272 sor
388 3239 403 3270 a
412 3222 470 3286 long
480 3222 557 3272 time.”

200 3310 212 3344 s
227 3303 373 3361 Facultatem,
385 3303 434 3361 oc,
445 3301 516 3349 “that
525 3300 565 3348 the
581 3317 661 3365 power
670 3300 699 3350 os
708 3301 808 3366 making
823 3300 918 3351 treaties
927 3300 986 3350 with
1001 3311 1051 3362 any

169 3377 260 3437 nation,
270 3393 322 3425 was
331 3373 469 3426 committes
476 3379 508 3441 by
516 3379 557 3426 the
566 3378 627 3426 laws
637 3385 662 3427 to
671 3379 711 3426 the
720 3378 863 3443 president’*

200 3461 212 3496 ⁸
228 3455 356 3516 Decretum,
366 3455 437 3504 “that
446 3459 514 3504 vote”
525 3470 552 3504 or
561 3455 651 3505 resolve
662 3455 702 3517 (os
712 3455 752 3504 the
762 3456 849 3504 House
858 3453 1055 3517 ofnepmena·

169 3531 248 3593 rives.)

200 3616 213 3650 ⁴
231 3608 323 3668 rame,
339 3610 388 3669 te,
399 3611 466 3673 “yet
476 3607 495 3657 it
508 3623 561 3656 was
577 3608 668 3673 plainly
680 3608 775 3657 evident
788 3608 839 3657 unt
855 3608 893 3657 tlre
906 3609 982 3667 aurp
997 3615 1056 3651 Ν

170 3683 262 3736 ntifisd
271 3683 469 3750 inconsequentia
482 3683 511 3735 of
520 3683 558 3734 his
570 3684 777 3750 (Washington’s)
789 3683 894 3733 adrioel’

600 3767 624 3813 n
