2444 4530
223 362 266 425 9⁰
479 380 729 427 wissrrrcsorrrr
751 381 839 427 vrri.

266 522 501 587 Princetoniam
520 525 618 609 copiis
633 524 831 589 Americanis
846 522 1107 604 adventantibus,

224 635 308 699 acies
322 635 556 719 Washingtonii
570 636 675 701 media
689 638 728 719 ab
743 636 858 719 Anglis
874 637 1028 702 acerrime
1053 661 1107 722 pe·

224 746 293 825 tia,
316 758 348 810 et
363 769 430 810 sese
445 749 530 830 fuga
549 747 701 811 mandare
722 748 821 812 illico¹
836 759 955 811 coacta.
1003 749 1105 813 Hisce

223 859 258 922 in
272 860 436 942 angustiis,
452 859 713 942 Washingtonius
737 859 778 923 ad
800 881 875 923 suos
897 859 1104 943 adequitavit,

224 970 367 1054 interque
392 971 600 1036 Americanos
629 972 798 1054 fugientes,
827 971 995 1054 hostesque
1020 972 1104 1037 inse·

224 1093 367 1166 quantes,
382 1083 524 1146 medium
539 1105 606 1146 sese
624 1061 745 1147 obtulit.
791 1083 888 1148 Ducis
912 1085 1058 1167 precibus
1072 1097 1105 1148 et

224 1196 370 1281 exemplo
385 1196 513 1260 tandem
526 1196 656 1274 incitati,
671 1207 703 1259 et
718 1195 836 1280 pudore
852 1197 999 1275 revocati,
1015 1198 1104 1267 resti·

224 1312 355 1387 aeruna·
367 1309 492 1392 telaque
504 1310 536 1372 in
547 1309 651 1372 hostes
664 1309 800 1372 invicem
810 1318 939 1385 vertere,
950 1318 982 1370 et
992 1312 1104 1393 pugna

225 1441 279 1486 eos
296 1421 448 1485 lacessere
473 1433 632 1506 coeperunt
656 1421 846 1485 Americani.
891 1420 935 1485 Et
956 1422 1104 1504 quamvis

224 1533 496 1619 Washingtonius,
520 1533 705 1617 aliquandiu
727 1533 807 1596 inter
829 1532 911 1595 acies
938 1532 1020 1595 duas
1050 1533 1104 1597 de·

225 1648 401 1731 praeliantes
411 1648 599 1724 constiterat,
610 1646 814 1709 nihilominus
824 1644 990 1708 incolumis
1005 1645 1105 1709 intac-

225 1769 342 1841 tusque
357 1759 477 1822 evasit:
501 1777 586 1834 eum,
601 1758 698 1835 enim,
714 1757 755 1822 ad
775 1756 899 1840 majora
918 1757 1035 1821 servari
1050 1777 1105 1822 vo-

225 1866 286 1932 luit
300 1868 424 1932 coelum.

269 1979 339 2043 Hoc
352 1980 387 2041 in
400 1979 512 2063 praelio‚
526 1981 621 2064 copiae
634 1982 825 2046 Britannicre
835 1981 1002 2047 fortissime
1013 1982 1106 2047 dimi·

224 2091 351 2169 cabant,
358 2101 544 2174 tantamque
552 2093 774 2176 praestiterunt⁸
783 2095 943 2172 virtutem,
951 2105 1106 2178 quantam

224 2204 306 2267 viros
316 2205 408 2266 fortes
419 2224 472 2289 pro
483 2205 543 2266 aris
554 2216 587 2268 et
595 2206 674 2268 focis
684 2217 851 2284 certantes,
859 2228 920 2291 prae
930 2227 998 2268 sese
1011 2208 1104 2270 serre⁴

226 2316 401 2381 condecuit.
448 2316 628 2400 Legionum
644 2338 719 2395 una,
735 2338 833 2400 quarn
857 2317 1036 2395 Mawhood
1053 2319 1107 2380 tri·

226 2430 331 2495 burrus
353 2431 521 2514 Anglicus⁸
537 2429 700 2509 ductabat,
716 2431 977 2495 Americanorum
998 2430 1106 2494 multi·

227 2544 339 2609 tudine
363 2545 514 2622 interrita,
542 2544 735 2608 adversarios
763 2545 835 2608 sicis
863 2545 996 2628 praefixis
1024 2543 1105 2609 adeo

228 2657 340 2718 acriter
355 2654 464 2732 adorti,
480 2669 517 2718 ut
531 2656 764 2739 Washingtonii
780 2655 904 2719 ordines
925 2656 1059 2740 penitus,
1075 2669 1108 2719 et

228 2767 353 2848 ubique,
381 2767 642 2848 perturbarentur,
668 2780 701 2831 et
727 2767 769 2831 ad
797 2767 902 2831 locum
935 2767 1108 2850 vulgariter

259 3017 269 3052 Ι
284 3011 356 3070 illico,
367 3008 529 3072 “forthwith‚”
539 3027 555 3059 a
563 3012 709 3062 contractiori
719 3011 777 3062 olla
787 3012 898 3063 andiaco.

258 3121 271 3160 s
285 3114 434 3176 stammas,
448 3114 589 3176 “resistod,’'
599 3131 626 3165 or
634 3116 729 3166 mades
744 3117 829 3181 stand3
846 3117 886 3167 the
899 3117 988 3182 perfect
1002 3123 1071 3166 tense
1080 3115 1109 3166 oi

228 3192 324 3249 nostor
340 3206 403 3252 now,
413 3193 492 3240 resisto
501 3189 522 3239 is
532 3190 697 3255 compounded
708 3192 736 3242 οἰ
747 3193 788 3242 the
803 3193 951 3260 inseparable
966 3193 1109 3260 preposiu'on

227 3283 261 3330 re,
271 3266 351 3334 agria,
361 3266 409 3316 and
419 3265 503 3329 aulai.
512 3282 533 3316 c.
540 3268 673 3330 transacio.

259 3379 271 3416 s
286 3373 455 3434 hartmot,
467 3375 509 3434 dfe.
541 3370 621 3420 “And
630 3371 727 3421 shewed
736 3388 764 3421 as
774 3374 846 3423 much
855 3375 921 3426 valor
930 3376 1031 3438 as‚”lco.

259 3486 271 3523 s
288 3478 365 3539 Ferre,
370 3478 434 3540 sem
441 3492 491 3542 proe
500 3493 554 3538 aere,
565 3479 612 3526 “to
621 3476 689 3526 show
697 3491 725 3527 or
733 3475 843 3541 exhibitr
855 3479 973 3547 (literally,
983 3486 1008 3531 to
1017 3480 1075 3532 baar
1083 3494 1110 3532 or

229 3572 300 3626 amp
308 3554 385 3605 before
395 3553 501 3620 onesoli)

261 3672 273 3709 t
292 3663 416 3727 Tritonos,
428 3663 479 3726 da,
489 3663 542 3713 “an
550 3659 652 3729 English
660 3659 773 3714 calchal?
