2444 4530
431 378 680 424 wasnrnsronrr
703 379 791 424 vrra
1010 357 1052 422 te

168 523 302 601 abirent,
325 521 534 605 militiamque
556 523 683 586 omnine
706 521 916 586 detrectarent
936 520 1053 584 milites

169 636 248 699 satis
263 635 393 698 feliciter
408 635 537 699 obstitit.

215 747 441 830 supplementa
454 747 594 832 pluribus
608 745 774 831 provinciis
788 745 978 830 conscripta¹
993 766 1053 809 nu·

142 879 292 922 merum
315 859 453 922 militum
480 870 636 922 statutum
665 857 754 922 haud
781 868 1050 941 exaquaverunt:

168 983 321 1050 attamen,
330 972 406 1035 dum
419 993 486 1035 sese
497 972 642 1037 Britanni
655 971 744 1034 Novo
756 971 897 1035 Eboraco
910 971 1051 1035 contine-

166 1084 256 1162 bant,
271 1085 379 1147 multis
394 1085 491 1176 capiis
505 1084 713 1147 auxiliaribus
727 1085 868 1148 firmatus
879 1084 1052 1168 Washing·

167 1197 282 1260 tonius.
314 1197 418 1275 Tunc,
427 1197 565 1275 demum,
574 1207 677 1260 castra
686 1196 794 1274 movit,
803 1207 834 1258 et
846 1196 934 1260 haud
944 1196 1052 1282 procul

169 1309 192 1377 ὲ
207 1309 380 1372 Brunsvico
396 1308 547 1387 consedit,
561 1320 726 1390 castraque
742 1318 790 1371 est
804 1319 950 1372 metatus.

134 1440 137 1446 ·
201 1419 1054 1503 Locus,quemcastrisdelegerat‚naturaeditusmurri-

167 1540 281 1614 tusque
292 1534 370 1610 fuit;
396 1530 562 1616 aditusque
574 1532 615 1597 ad
626 1533 1055 1616 Washingtoniicastrahos·

166 1644 251 1725 tium
266 1643 361 1727 copiis
381 1642 461 1707 adeo
483 1642 627 1722 difficilis,
644 1654 680 1707 ut
700 1644 817 1723 hostes,
832 1644 892 1707 nisi
913 1644 1055 1708 maximo

166 1754 318 1840 periculo,
341 1756 586 1840 appropinquare
612 1768 668 1819 aut
683 1757 832 1821 accedere
847 1757 979 1822 minime
999 1778 1053 1842 po-

167 1878 280 1931 terant.
328 1869 440 1946 Hinc,⁵¹
464 1869 622 1932 Caesareas
645 1852 802 1947 tuebatur,
825 1869 910 1946 hinc,
933 1880 1051 1948 autem,

168 1981 322 2045 exercitus
344 1981 489 2045 Britanni
511 1992 615 2044 motus
636 2003 746 2044 omnes
769 1982 878 2045 sedule
895 1983 1050 2046 servabat.

169 2092 292 2157 Insidioe
307 2093 416 2156 multae
430 2092 554 2176 dolique
571 2092 686 2157 educe
703 2094 864 2172 Britanno,
881 2094 922 2159 ad
936 2094 1053 2158 Wash·

168 2204 345 2287 ingtonium
365 2226 408 2267 ex
429 2206 489 2269 hoc
514 2216 580 2268 tam
603 2205 766 2270 commodo
786 2216 916 2286 tamque
940 2205 1053 2269 idoneo

167 2316 236 2381 luco
263 2317 465 2395 eliciendum,
496 2317 657 2380 incassdm
686 2318 924 2391 struebantur3⁸
956 2335 1052 2395 quare

168 2424 423 2511 Philadelphiam
439 2429 534 2511 copiis
555 2428 720 2490 maritimis
745 2423 879 2507 aggredi
894 2425 993 2487 satius
1008 2425 1054 2487 vi·

168 2559 261 2602 sum:
286 2559 355 2621 quac
378 2538 590 2621 pulcherrima
611 2537 695 2614 urbs,
716 2536 929 2598 resistentibus
952 2535 1053 2599 fortis-

167 2652 250 2715 sime
266 2650 474 2729 Americanis,
490 2661 558 2734 pest
573 2670 715 2735 pugnam
729 2649 859 2732 longam
875 2660 1052 2714 cruentam-

169 2784 240 2846 que,
257 2763 386 2825 tandcm
401 2773 599 2847 expugnata.

199 2971 209 3006 1
227 2966 393 3028 supplemata,
406 2969 455 3027 sse,
467 2964 525 3014 “the
535 2963 633 3014 recnrits
643 2963 720 3013 raised
729 2963 754 3013 in
765 2964 853 3014 several
863 2963 1008 3030 provinces.”

196 3049 211 3085 ἱ
226 3042 296 3102 Hinc,
308 3043 359 3090 “on
369 3041 410 3090 dre
420 3057 466 3090 one
475 3040 563 3103 hand‚”
573 3042 611 3103 he,
624 3041 686 3103 (that
695 3040 724 3103 is,
734 3041 917 3108 Weshington,)
928 3042 1048 3108 protectae

169 3117 331 3182 tbeJerseys3
349 3119 410 3179 ltine,
422 3122 437 3146 “
444 3135 476 3167 on
486 3119 525 3168 the
535 3119 602 3168 other
611 3117 699 3180 hand,”
709 3120 753 3169 &a

198 3201 211 3237 ⁸
224 3195 343 3245 lacerum
351 3197 505 3260 struebantur,
516 3199 599 3246 “were
608 3194 633 3245 in
643 3194 698 3246 vain
708 3195 778 3248 laid.”
