2444 4530
424 352 675 399 wasurncrorur
697 355 788 401 vrrs.
984 336 1045 399 Μ

164 496 240 562 vite
269 517 366 560 cursu
389 496 548 560 dimovere
576 497 706 562 minime
736 507 890 580 poterant.
933 496 1052 582 Populi·

166 608 249 692 parti
263 609 440 692 sapientiori
454 609 625 686 consulere,
640 608 737 693 plebis
753 607 925 672 commodis
946 608 1047 694 provi·

166 719 252 797 dere,
268 733 300 782 et
314 720 402 803 vulgi
418 721 569 797 convicia,
585 723 678 805 probb
694 720 830 803 agendo,
843 730 1046 783 contemnere
1123 804 1126 811 Ι

167 851 266 894 ausus
278 843 335 894 est.
380 832 483 896 Plebis
495 834 633 895 savorem
646 845 678 895 et
694 833 832 915 gratiam
844 832 958 914 magni
971 853 1047 916 pen·

166 942 270 1022 debat,
286 947 416 1022 samam,
432 956 549 1022 tomen,
565 946 666 1028 vulgi,
680 945 782 1008 officio
801 945 921 1023 relicto,
936 956 969 1008 et
981 943 1046 1008 fido

167 1057 297 1141 prodita,
313 1060 453 1141 captare¹
468 1059 637 1121 nesciebat.

209 1170 418 1253 Temporibus
445 1170 646 1248 difficillimis,
673 1172 794 1233 famam
818 1170 896 1233 bene
923 1181 1045 1255 partam

166 1283 302 1367 periculo
337 1283 528 1367 objectabat,
556 1284 716 1365 officioque
744 1285 829 1346 recte
861 1282 1046 1365 integreque

165 1396 267 1477 iungi,
282 1398 382 1478 quam
398 1398 491 1458 famae
505 1397 613 1479 inepte
626 1396 750 1472 servire,
762 1395 909 1458 malebat.
955 1394 1046 1459 Bello

166 1506 322 1589 Europaeo
337 1507 496 1583 saeviente,
510 1508 655 1570 nationes
669 1507 902 1589 belligerantes,
916 1518 1047 1589 gentem

166 1619 269 1687 ultam
291 1620 464 1702 apartium
479 1619 583 1682 studio
601 1620 776 1682 immunem
791 1640 870 1696 esse,
885 1618 939 1680 vix
961 1629 1049 1702 pote·

167 1742 285 1795 rentur.
331 1731 380 1794 Ne
403 1732 435 1793 in
450 1734 597 1795 vorticem
620 1743 747 1795 tantum
767 1731 922 1793 bellorum
937 1730 969 1791 vi
990 1737 1048 1792 sut

167 1843 288 1906 insidiis
310 1843 460 1907 Amerina
482 1845 668 1921 traheretur,
690 1844 855 1907 verebatur
877 1841 1047 1923 Wosbing·

167 1957 279 2020 tonius.
325 1955 380 2020 Ad
393 1956 461 2031 hoc,
472 1956 565 2018 multi
576 1976 618 2017 ex
631 1956 752 2018 civibus
764 1954 837 2038 ipsis
848 1953 1046 2018 Americanis

167 2069 189 2133 a
203 2070 337 2152 partium
350 2067 453 2130 studio
467 2067 626 2130 immunes
641 2086 769 2129 manere
785 2065 947 2148 aegerrimb
960 2075 1046 2149 pote-

167 2192 258 2259 rant;
282 2201 396 2262 eosque
419 2180 501 2242 intra
515 2179 635 2263 imperii
654 2179 734 2260 justi
748 2179 827 2239 fines
850 2195 990 2239 coercere
1013 2185 1048 2238 et

168 2295 324 2357 continere
344 2291 433 2355 baud
454 2310 617 2372 quaquam
637 2289 731 2351 facile
753 2298 841 2350 eret:
869 2307 980 2368 quam,
999 2297 1048 2349 ta·

167 2424 254 2480 men,
261 2398 913 2480 difficultatemWashingtoniivigilantia,
924 2397 1049 2460 solertia

169 2528 202 2581 et
217 2515 374 2578 industria
385 2513 541 2575 indefessa
553 2511 667 2574 vicere.
715 2509 789 2572 Hac
805 2509 839 2571 in
853 2527 957 2570 rerum
972 2507 1050 2570 diffi-

169 2627 316 2703 onitate,²
331 2625 408 2707 quin
422 2625 577 2688 Americre
600 2621 773 2686 commodis
792 2621 976 2699 consuleret,
990 2621 1050 2684 im-

170 2740 268 2826 pediri
283 2761 347 2802 non
360 2748 481 2823 poterat
495 2735 769 2817 Wasbingtonius.

213 2853 406 2930 Americam,
422 2850 559 2935 patriam
575 2848 802 2924 charissimam,
819 2857 856 2910 ut
869 2846 953 2910 filius
968 2847 1047 2931 pius,

170 2964 297 3043 dilexit5
321 2964 470 3047 quocirca
484 2982 594 3045 pacem
609 2981 684 3023 cum
697 2961 844 3043 gentibus
858 2959 972 3022 exteris
985 2980 1049 3022 ser-

169 3100 242 3142 vare
258 3076 430 3140 constituit.
477 3073 586 3137 Domi⁸
599 3072 744 3148 factione,
755 3071 875 3134 insidiis
890 3071 1048 3154 minisque

201 3288 211 3320 1
231 3282 334 3341 Copton,
346 3281 395 3339 osc,
406 3281 451 3326 “to
459 3276 528 3326 catch
538 3280 585 3325 et”

201 3365 214 3399 ¹
230 3356 374 3416 Difficrdtcte,
385 3358 435 3415 dc,
446 3354 491 3402 “in
499 3353 545 3402 th'n
555 3352 671 3417 difficulty
678 3351 705 3402 os
710 3351 796 3412 affairs,
803 3350 968 3415 Weshington
979 3347 1049 3398 could

170 3440 214 3483 not
223 3433 253 3480 be
263 3431 389 3495 prevented
398 3431 458 3480 from
467 3430 602 3495 consuiting
611 3429 651 3478 the
661 3428 808 3491 advantages
818 3426 847 3474 os
858 3426 993 3474 Amorion?

202 3518 213 3551 Ι
230 3511 305 3568 Domi,
317 3511 366 3569 dyc,
376 3508 414 3557 “it
423 3524 474 3556 was
484 3507 614 3570 attempted
624 3508 655 3570 by
662 3505 748 3554 fection
759 3513 785 3551 et
793 3504 872 3563 home,
879 3504 911 3567 by
919 3509 1049 3562 stratagem
1145 3562 1149 3569 ²

170 3585 220 3634 and
227 3585 316 3634 thrests
326 3584 502 3646 ebrosdtocsil
512 3582 561 3631 arrd
568 3581 622 3631 lead
629 3582 678 3630 him
687 3581 760 3640 aeide,
767 3579 826 3626 from
833 3594 848 3626 a
855 3584 944 3626 correct
954 3572 1049 3621 metbod

171 3663 200 3714 of
210 3661 341 3728 governing
349 3662 390 3713 the
399 3661 515 3728 republi03
533 3661 576 3709 but
585 3657 779 3723 theexperiment
788 3671 840 3704 was
851 3650 1001 3714 ineffectusi3
1017 3648 1049 3700 be
