2444 4530
429 402 679 448 wasurnaromr
703 405 790 448 vrrs.
988 383 1047 447 211

216 548 260 613 At
281 548 339 613 Dei
364 549 473 632 optimi
493 539 628 615 maximi
650 565 781 610 munere
804 556 836 607 et
857 542 1052 629 providenti&

170 662 292 723 sactum
315 672 371 737 est,
387 672 433 738 ut,
447 659 533 744 apud
548 661 722 723 exercitum
738 679 813 722 cum
826 659 955 742 imperio
970 668 1052 720 esset

169 772 442 856 Washingtonius‚
458 776 573 856 usque¹
592 768 835 848 dum‚?hostibus
855 771 977 853 ubique
998 768 1058 834 da·-

169 880 305 963 bellatis,
320 906 432 968 pacem
446 885 563 948 virtute
578 883 769 949 conciliaret.

182 1038 185 1047 ι
212 996 495 1080 Waahingtonium
525 997 652 1060 sicum
676 997 750 1058 viris
775 995 846 1058 aliis
874 1006 1051 1079 temporum

168 1111 393 1193 praeteritorum
416 1112 625 1185 conferamus,
642 1110 788 1171 omnibus
801 1111 895 1185 certe,
912 1109 967 1190 qui
989 1117 1049 1170 aut

168 1221 251 1304 apud
265 1233 386 1284 veteres
408 1223 488 1284 olim
504 1222 657 1299 claruere,
674 1233 730 1282 aut
751 1220 836 1304 apud
860 1220 1048 1283 recentiores

169 1327 237 1416 jain
262 1355 349 1396 nunc
375 1339 455 1398 aura
479 1336 617 1397 aetherea
632 1345 821 1411 vescuntur,
831 1334 929 1416 longe
950 1333 1052 1416 major

167 1443 577 1510 herosnosterinvenieturss
610 1448 663 1510 Ab
674 1442 827 1510 Aluredo²
837 1464 965 1528 magno,
977 1466 1053 1528 rege

167 1556 327 1633 Britanno,
346 1559 435 1622 haud
461 1559 601 1622 multum
629 1558 750 1621 abludit
776 1557 1051 1639 Washingtonius.

169 1669 214 1732 Hi
227 1668 287 1732 ¹wiri
310 1671 544 1753 praeclarissimi,
557 1671 698 1754 justitiae,
714 1669 914 1747 fortitudinis,
938 1681 970 1732 et
989 1669 1054 1753 pie-

169 1781 245 1843 tatis
261 1802 369 1845 amore·
381 1783 522 1865 insignes
536 1786 634 1846 suere.

177 1927 181 1936 ·
214 1894 313 1957 Cum⁸
337 1895 499 1959 Aluredus
524 1899 744 1978 sagum-toga
767 1897 938 1970 mutasset,
964 1892 1053 1957 mela

166 2005 296 2089 majora,
313 2010 411 2089 quam
434 2028 504 2089 quae
520 2007 762 2089 Washingtonio
784 2027 929 2089 unquam
952 2006 1052 2068 conti-

167 2129 289 2198 gerant,
305 2140 467 2203 parpessus
483 2119 550 2197 est,
576 2138 722 2201 cumque,
739 2123 872 2182 sormam
894 2128 926 2180 et
948 2139 1052 2202 perso-

166 2228 396 2292 namalienam
409 2232 575 2304 mentitus,
591 2230 731 2293 hostium
745 2242 848 2292 castra
867 2230 1050 2312 exploratus

166 2349 257 2414 osset,
274 2349 306 2399 et
320 2338 531 2420 suspicionem
547 2358 684 2414 omnem,
699 2334 775 2418 lyrae
791 2340 967 2416 dulcedine,
988 2343 1053 2403 evi-

166 2453 276 2526 thsaet,
299 2448 544 2528 Waahingtonio
567 2447 715 2509 audacior
731 2448 860 2509 forsitan
882 2450 1053 2515 existimari

168 2571 293 2645 potest:v
328 2560 500 2635 Hostium,⁴
518 2570 637 2635 tamen,
660 2559 849 2635 Trentonioe‚
867 2560 952 2643 apud
972 2562 1053 2624 Neo.

171 2672 396 2749 caesareenses,
407 2682 538 2754 captura
548 2691 605 2734 nos
617 2654 747 2734 hluredi
759 2691 807 2733 res
819 2684 924 2754 gestas
933 2685 1050 2739 monet.

175 2824 179 2831 ·
213 2784 458 2867 Rempublieam
474 2783 741 2864 Washingtonius
762 2783 917 2847 ordinavit
934 2797 965 2848 et
987 2797 1053 2851 ata-

199 2938 207 2971 1
227 2930 310 2993 Usque,
323 2933 373 2991 da,
384 2933 399 2956 ‘⁴
406 2929 472 2990 until,
483 2929 523 2977 tho
539 2943 627 2993 ortenay
638 2928 711 2993 being
726 2929 877 2995 everywhere
892 2932 1049 2999 vanquished,

168 3002 199 3056 he
208 3001 323 3071 procured
333 3021 407 3070 peace
417 3007 450 3069 by
459 3005 496 3054 his
507 3005 593 3054 valor.”

198 3093 210 3128 a
225 3086 332 3144 aluredo,
345 3086 386 3143 dec.
398 3081 584 3156 “Washington
600 3082 640 3132 did
650 3089 692 3134 not
707 3084 778 3134 much
794 3085 861 3135 differ
873 3088 908 3149 (iu
924 3089 1049 3154 character)

168 3161 229 3217 from
239 3160 323 3210 Alfred
333 3160 374 3209 the
384 3159 483 3220 Great,”
493 3159 532 3208 the
542 3160 623 3212 Saxon
634 3161 703 3226 King
711 3161 739 3212 of
750 3162 867 3228 Engiand.

199 3246 210 3282 a
229 3240 295 3298 Cum,
308 3241 357 3298 da,
368 3239 382 3264 “
390 3235 461 3285 when
471 3235 553 3286 Alsred
568 3237 615 3288 had
625 3239 735 3303 changed
744 3240 784 3288 tho
794 3239 896 3307 military
903 3244 957 3292 robe
967 3242 1002 3292 sor
1011 3243 1052 3294 tho

169 3330 248 3380 gown,
261 3312 325 3377 (that
333 3312 361 3373 is,
371 3307 419 3361 had
430 3313 540 3370 assumed
550 3312 590 3365 the
600 3316 658 3380 garb
668 3315 696 3365 of
707 3333 787 3381 peace,
798 3318 885 3368 andos
892 3320 954 3368 rural
965 3336 1050 3370 avoca·

169 3390 251 3455 tions‚)
268 3390 298 3439 he
311 3388 418 3466 endured
433 3398 527 3456 greater.
539 3391 690 3445 missonunas
705 3395 763 3444 than
779 3395 844 3445 what
857 3394 905 3444 had
920 3411 974 3444 ever
988 3395 1049 3460 hap·

169 3467 246 3538 pened
256 3473 282 3516 to
291 3466 475 3533 Wushdngton’'

200 3553 211 3588 s
228 3545 342 3609 Hostium¹
355 3548 403 3612 spa,
415 3544 474 3596 “the
484 3554 589 3610 capture,
599 3547 715 3608 however,
726 3546 754 3596 of
765 3548 803 3597 the
814 3564 900 3613 enemy
912 3547 1047 3610 (Haesimus)

137 3647 140 3652 ·
172 3621 212 3682 (ty
223 3621 387 3685 Wartiagton)
399 3629 424 3671 at
433 3622 550 3686 Trenton,
560 3622 584 3673 in
594 3624 762 3689 Nan-Jemey,
773 3624 876 3679 tamuda
886 3639 916 3676 us
925 3618 953 3674 of
958 3621 999 3674 the
1008 3636 1048 3677 ex.

170 3697 239 3763 ploits
249 3696 277 3748 os
288 3697 393 3751 Alfred.”
794 3700 797 3706 ·
