2444 4530
234 356 295 425 120
483 359 739 415 nsenrrtororrrr
762 358 851 409 vrrs.

227 519 338 584 animo
359 513 497 579 habebat
523 510 720 587 Cornwallie,
740 507 981 594 impedimento
1004 507 1118 572 omnia

230 631 403 713 relinquere
415 624 743 709 ;-manipulumque,
769 621 824 704 qui
849 619 974 683 saucios
999 640 1116 702 aegros

223 762 291 828 que
308 751 461 817 curarent,
474 739 509 802 in
523 736 632 801 castris
645 755 772 799 manere
781 733 887 817 jussit,
901 731 1012 810 literis,
1026 732 1115 813 item,

227 855 359 939 scriptis,
370 873 450 935 quoe,
466 861 535 934 post
550 849 732 926 discessum,
744 845 989 928 Washingtonio
999 845 1115 912 daran·

227 976 289 1031 tur.

271 1075 414 1141 Dimidia
433 1074 502 1159 jem
527 1073 681 1138 exercitus
701 1082 789 1158 parte
802 1068 846 1133 ibi
866 1071 991 1136 flumen
1012 1082 1115 1137 trano·

225 1191 361 1276 portato,
381 1197 552 1272 tempestae
574 1204 695 1269 magno
715 1185 820 1250 subito
842 1195 949 1257 coorto
969 1195 1028 1263 est,
1044 1206 1122 1269 qun·

224 1302 361 1384 navigia
371 1300 569 1385 scaphaeque
581 1319 690 1364 ornnes
700 1296 780 1361 odeo
790 1286 965 1382 disjecerat,
976 1308 1114 1362 ntexcr·

223 1416 310 1480 citds
332 1435 414 1500 pars,
429 1435 499 1496 qnae
514 1413 560 1478 cis
574 1413 693 1476 flumen
711 1422 789 1489 erat,
805 1431 910 1493 neque
929 1410 1076 1495 trajicere
1089 1411 1114 1490 3⁸

223 1546 342 1612 neque,
365 1528 418 1591 ob⁸
440 1527 508 1591 oceli
531 1525 696 1602 sevitiam,
717 1545 788 1610 pars
810 1523 876 1600 illa,
899 1544 970 1606 quoe
992 1524 1114 1588 flumen'

226 1639 300 1726 -jarn
316 1640 499 1703 transmissa
512 1650 590 1716 erat,
607 1649 665 1701 aut
679 1658 747 1701 seso
762 1636 804 1700 ad
818 1636 1050 1703 commilitones
1068 1657 1114 1702 re·

224 1751 354 1836 uipere,⁴
371 1763 428 1814 out
450 1751 568 1814 ratione
584 1751 663 1828 nlla,
678 1751 790 1813 reverti
805 1759 947 1833 poterat;
972 1749 1114 1830 tandem,

222 1873 349 1939 autem,
361 1883 462 1945 quum
469 1863 538 1947 jam
549 1862 695 1926 meridies
706 1863 845 1940 instaret,
854 1863 990 1945 navigiis
1000 1863 1116 1949 soaph·

223 1973 317 2056 isque
338 1975 493 2051 omnibus,
509 1994 605 2058 parvo
625 1985 755 2059 accepto
777 1952 985 2054 inconimodo,
1000 1974 1116 2040 reduc-

227 2084 278 2162 tis,
292 2084 336 2148 nil
352 2084 448 2163 aliud,
461 2096 571 2170 prater
585 2086 781 2151 deditionem
794 2089 853 2152 sihi
868 2077 1014 2152 relictum
1025 2086 1116 2152 vide·

221 2198 282 2262 hat
297 2199 382 2262 sortis
398 2197 593 2263 Cornwallis.

272 2311 343 2390 Die,
365 2312 484 2397 itaque,
510 2310 654 2377 Octobris
672 2313 798 2377 mensis
823 2294 1115 2399 decimoseptimo,

224 2424 345 2489 -Comcs
361 2425 557 2504 Comoedia,
569 2425 675 2496 literas
690 2424 732 2489 od
743 2425 1028 2510 Waehingtoniurn
1044 2427 1115 2492 mit·

229 2538 341 2602 tendas
352 2540 483 2616 curavit,
492 2539 615 2622 quibus,
628 2560 681 2623 per
693 2539 807 2622 viginti
819 2551 954 2621 quatuor
965 2540 1114 2604 horarum

221 2652 369 2735 spatium
380 2651 604 2715 tantummodo
615 2650 771 2715 inducias⁵
783 2653 918 2735 petebat,
926 2653 1068 2735 itemque
1079 2661 1116 2716 ut

222 2760 269 2824 ,de
290 2761 456 2823 deditionis
475 2762 569 2844 justae
585 2763 815 2827 conditionibus
830 2765 910 2827 inter
925 2786 978 2827 eos
1001 2786 1115 2829 conve·

227 2873 517 2954 niret.⁸-Legati,⁷
532 2875 649 2956 itaque,
665 2876 823 2958 utrinque,
839 2880 879 2940 ea
894 2877 932 2939 de
948 2898 992 2954 re,
1006 2877 1113 2941 missit

260 3004 269 3039 1
285 2998 454 3059 Impedimento,
467 3002 517 3061 dc,
528 3003 543 3028 “
551 3007 575 3048 to
584 3000 652 3048 leave
661 3000 747 3051 behind
758 3002 789 3050 aii
799 3002 837 3051 his
846 3004 979 3067 haggage.”
1011 3002 1116 3052 What·

229 3071 316 3123 soldier
331 3073 418 3125 carries
433 3075 527 3140 usually
536 3074 562 3126 in
576 3093 591 3126 a
603 3077 737 3143 knapsack,
747 3095 814 3130 oron
828 3078 867 3130 his
882 3079 953 3142 beck,
963 3078 984 3127 is
1000 3078 1075 3129 called
1089 3077 1116 3128 in

222 3149 310 3210 Latin,
321 3154 419 3201 sardan.

259 3235 271 3272 t
283 3229 404 3292 Trojieer'e,
415 3232 463 3289 ssa,
472 3231 486 3256 “
492 3229 562 3281 could
573 3229 663 3279 neither
674 3246 740 3282 crosa
747 3237 816 3283 over”
827 3235 862 3296 (to
872 3234 1014 3284 Gloucester
1022 3232 1113 3298 Petne)

260 3312 271 3347 o
289 3306 330 3366 Ob,
342 3308 384 3366 &a
411 3306 470 3370 “By
479 3321 564 3354 reason
574 3306 602 3355 of
613 3307 652 3356 the
663 3307 793 3359 hoisterons
803 3318 864 3361 state
874 3312 902 3363 of
913 3312 953 3361 the
964 3311 1092 3361 westher.”

259 3389 271 3425 ⁴
287 3383 404 3445 Recipere,
417 3386 466 3443 dec,
478 3386 523 3430 “to
533 3391 618 3432 retreat
628 3391 652 3433 to
664 3385 724 3433 their
733 3385 942 3439 fellow·soldiera’'

259 3467 271 3501 ⁸
287 3460 402 3520 induciae,
414 3463 450 3508 “a
460 3463 548 3521 truce,’'
557 3476 585 3509 or
593 3461 711 3512 cessation
721 3461 749 3512 of
760 3479 838 3528 arrns;
856 3482 888 3514 an
899 3460 1025 3516 armistioe.

260 3543 272 3579 e
290 3537 429 3585 navarre.
462 3539 477 3565 ⁴‘
485 3537 507 3586 it
516 3536 591 3603 might
599 3539 630 3587 be
640 3539 725 3604 agreed
735 3552 799 3606 upon
805 3545 829 3608 i”
844 3538 1114 3595 theverbcouueninlb

229 3619 274 3680 put
283 3613 337 3662 here
346 3612 521 3678 impersonally.

260 3698 274 3735 r
289 3691 379 3756 Legati,
391 3694 441 3754 oso,
452 3693 467 3720 “
473 3690 581 3760 depuu'er
590 3709 654 3745 erere
664 3698 741 3760 sent,”
749 3695 794 3748 &e-
