2444 4530
429 374 681 421 wssnraorouu
702 374 791 419 nra.
1010 350 1050 415 di

214 527 238 562 ‘⁴
252 520 287 587 Si
309 520 351 585 ad
367 530 472 605 partes
485 518 727 601 Pennsylvauia
741 527 901 582 extrcnms
924 512 1052 579 reosda-

165 654 256 712 mus,
263 654 343 697 num
349 632 587 715 Pennsylvanos
596 632 686 695 nobis
694 630 899 716 opitulaturos
908 626 1052 694 credisP’

169 747 237 811 Cui
247 747 379 830 legionis
394 746 535 809 tribunus
550 744 640 810 Reed
649 743 841 828 respondisse
851 746 949 807 fertur
962 763 974 806 t
997 741 1051 805 “si

169 860 342 923 comitatus
363 859 534 922 inferiores¹
554 856 679 920 subacti
694 877 733 921 ac
746 855 844 920 dediti
858 856 985 933 fuerint,
997 877 1052 920 co·

168 971 363 1035 mitatusalii
373 971 407 1034 in
417 970 559 1034 hostium
566 968 720 1032 ditionem
726 968 934 1052 pervenient”
952 968 1049 1032 Tune

168 1083 448 1169 Washingtonium
458 1082 577 1147 dixisse
588 1084 712 1146 ferunt:
727 1087 749 1117 “
760 1080 813 1145 Arl
821 1081 970 1165 Virginite
979 1101 1051 1166 par·

169 1205 216 1259 tos
227 1208 386 1260 extremas
398 1196 489 1259 nobis
498 1193 714 1258 recedendum
726 1203 796 1272 est;
812 1193 917 1272 multi,
928 1193 971 1258 ad
980 1214 1051 1272 nos,

169 1308 281 1373 salutis
306 1312 417 1387 causta,
439 1310 610 1391 confugere
635 1316 798 1390 cogentur,
813 1317 855 1385 et,
870 1306 947 1391 quid
969 1305 1052 1372 bello

170 1420 349 1506 praedatorio
368 1421 436 1485 fieri
449 1421 555 1505 possit,
570 1417 831 1504 periclitandum
856 1422 902 1483 at¹
915 1419 944 1483 si
963 1418 1055 1485 nobis

170 1535 299 1596 fortuna
312 1532 469 1611 inviderit,
482 1543 607 1596 montes
619 1531 886 1614 Alleghanienses
899 1542 1056 1616 postremo

171 1645 374 1729 superandi.”

217 1757 290 1822 Hoc
309 1757 343 1821 in
364 1769 503 1843 receptu,
519 1757 678 1841 equitatus
698 1769 731 1821 et
752 1767 911 1822 tormenta
934 1756 1056 1842 majora

172 1870 418 1954 uniuscujusque
429 1873 494 1935 iere
508 1871 641 1953 generis,
652 1870 901 1954 Washingtonio
911 1870 1051 1937 demere.

170 1983 294 2048 Paucos
316 1983 400 2046 intra
414 1982 491 2061 dies,
507 1994 576 2068 post
589 1982 862 2068 propugnaculum
878 1984 1053 2070 Weslring·

170 2096 291 2159 tonium
300 2107 531 2181 expugnatum,
539 2095 760 2181 pedemreierre
766 2108 930 2182 coeperunt
938 2098 1053 2163 Amer-

171 2206 262 2273 icani.
309 2209 479 2294 Copiarum
489 2207 706 2272 recedentium
717 2230 791 2295 pars
802 2230 934 2293 magna,
947 2208 986 2275 de
996 2209 1052 2290 eis,

170 2321 223 2404 qui
244 2321 519 2405 propugnaculum
541 2321 601 2385 hoc
616 2320 798 2398 tuebantur,
815 2322 963 2384 conflata.
1008 2323 1055 2388 lli

169 2453 212 2496 ex
227 2453 344 2515 aggere
358 2433 418 2496 isto
431 2443 501 2495 tam
516 2433 624 2495 subito
636 2430 753 2514 pedem
767 2432 880 2493 referre
900 2431 1058 2514 cogeban-

171 2555 236 2622 tur,
251 2555 290 2606 ut
303 2544 448 2620 tentoria,
459 2541 591 2619 lodices,
601 2551 635 2604 et
649 2541 831 2623 coquinaria
844 2561 932 2620 vasa,
947 2562 1057 2609 neces·

171 2656 256 2721 sario
272 2655 460 2739 reliquerint.

218 2769 267 2833 lta
282 2769 405 2846 armati,
416 2778 451 2832 et
461 2766 580 2845 vestiti,
590 2773 804 2851 sepenumero
817 2768 915 2833 etiam
924 2770 1054 2856 pedibus

172 2883 266 2947 nudis
295 2881 489 2959 incedentes,
516 2880 646 2944 ineunte
672 2880 788 2959 hiems,
815 2903 870 2968 per
897 2885 1053 2968 regiones,

171 2996 340 3061 deditionis
369 3014 467 3079 quam
496 2993 625 3058 renixds
652 2994 741 3058 fortis
768 2996 966 3075 amantiores,
994 2998 1054 3061 iter

173 3112 286 3175 fecere.
334 3108 396 3172 llis
422 3104 629 3171 incommodis
656 3107 855 3186 circumdati,
878 3109 1056 3192 nonaginta

174 3222 361 3288 milliarium
370 3221 689 3305 iterfecerunteoque
697 3221 729 3285 in
737 3220 1054 3306 spatiooonfioiendo,

175 3336 244 3400 dies
264 3333 463 3417 undeviginti
484 3334 730 3420 insumpserunt,
744 3344 781 3397 ut
796 3333 924 3397 auxiliis
942 3353 1056 3417 expec-

176 3449 254 3512 tatis
285 3448 432 3533 temporis
458 3448 534 3511 satis
564 3446 605 3511 ad
633 3445 886 3510 conveniendum
916 3444 1054 3511 daretur.

326 3625 337 3662 ¹
355 3620 477 3671 muza
485 3619 612 3682 Melan,
622 3616 685 3667 “the
693 3615 768 3666 lova
778 3613 909 3666 amatim

326 3691 870 3762 summasunmna-haltans&
