2444 4530
433 379 687 433 *uniuersali
709 386 798 432 vrrs.
1000 370 1060 437 ll!

168 546 254 598 ‘aum
269 530 491 619 decipiendum
505 550 525 593 a
538 531 782 615 Wasbingtonio
796 531 858 610 fuit
875 533 1061 616 praetermis-

169 666 250 709 sum
260 646 434 728 crebrisque
446 655 606 708 castorum
616 644 852 722 mutationibus,
864 643 1061 710 Cliutonium

173 757 342 821 formidine
367 756 720 842 perpetubexagitavit.
768 756 966 835 cornuallie,
981 758 1060 822 inte

168 883 239 948 rea,
247 870 432 955 oppidulum
443 870 528 956 apud
538 869 759 954 Virginiemes
769 871 947 935 Eboracum
958 871 1059 955 vulgb

169 995 406 1068 nuncupatum,
421 983 514 1068 cepit,
531 983 802 1068 expugnavitque,
816 984 907 1049 nullo
920 986 988 1050 fere
1009 1005 1059 1048 re-

167 1097 301 1160 sistente
314 1119 322 1175 ;
339 1110 445 1181 quem,
456 1107 578 1174 tamen,
589 1097 838 1178 subsequebatur
848 1095 969 1161 duobus
979 1117 1057 1162 cum

165 1209 337 1274 bominum
358 1210 508 1288 millibus,
524 1205 572 1274 La
585 1209 731 1291 Fayette,
747 1208 859 1273 Gallus
873 1210 1057 1294 praenobil'n,

149 1299 237 1406 qui,
256 1326 418 1387 motuum¹
439 1322 603 1387 hostilium
625 1320 891 1386 observandarum
910 1327 1023 1401 caum,
1036 1341 1060 1386 a

171 1432 417 1518 Washingtouio
430 1439 534 1498 iuerat
548 1435 735 1519 premissus.

211 1549 285 1617 'Sub
295 1549 431 1610 Sextilis
450 1550 559 1625 finem,
575 1547 624 1610 De
640 1548 767 1625 Graes,
782 1566 891 1610 comes
906 1545 1059 1625 Gallicus,

175 1659 229 1742 qui
244 1660 339 1722 blaesi
353 1659 507 1726 Ludovici
521 1658 635 1724 decimi
649 1661 733 1724 sexti
749 1659 931 1744 praepositus
946 1661 1058 1740 iuerat,

175 1790 251 1834 mim
268 1773 395 1855 triginta
410 1774 544 1836 navibus
565 1773 679 1856 longis,
694 1773 727 1836 in
742 1783 947 1856 conspectum
962 1771 1056 1835 venit.

173 1884 316 1985 Agmina
331 1887 428 1964 socia,
444 1885 485 1949 ad
500 1885 682 1970 oppidulum
698 1886 879 1949 Eboracum
893 1883 977 1970 apud
989 1883 1056 1948 vir·

171 1997 330 2080 ginienses
354 1998 570 2076 obsidendum,
586 1999 701 2083 partim
725 2001 819 2076 terra,
835 1998 949 2082 partim
973 1997 1056 2062 marl

169 2112 388 2194 procedebant.
436 2111 544 2196 Copiae
565 2130 685 2188 omnes,
708 2110 874 2175 nonnullis
903 2109 1056 2174 militibus

169 2220 427 2306 virginiensibue,
451 2244 530 2307 quoe
552 2222 733 2300 Nelsouiua
755 2222 823 2285 dux
846 2222 1057 2286 Americanua

169 2333 316 2412 (lucebat,
330 2336 473 2419 receptis,
495 2335 536 2397 ad
559 2320 732 2398 duodecim
752 2333 923 2395 hominum
945 2332 1057 2410 millia,

168 2448 324 2528 vigesimo
339 2447 532 2530 Septembris
548 2446 610 2522 die,
622 2456 660 2507 ut
681 2444 868 2506 Eboracum
891 2461 1060 2525 expugna.

168 2569 253 2635 rent,
268 2559 323 2620 ubi
339 2557 526 2621 Comwallis
541 2576 616 2619 cum
632 2555 774 2618 exercitu
790 2574 848 2616 suo
863 2551 1057 2634 consederat,

169 2671 314 2734 maximo
338 2669 455 2746 studio,
471 2669 730 2752 accingebantur.
778 2665 904 2744 Classis,
920 2666 1056 2752 insuper,

171 2783 310 2860 Gallica,
334 2802 434 2865 quam
462 2781 512 2846 De
540 2782 655 2844 Graece
679 2778 826 2856 ducebat,
851 2777 962 2843 eodem
988 2783 1055 2847 fere

171 2906 320 2981 tempere,
337 2896 369 2958 in
385 2906 594 2978 conspectum
609 2893 706 2971 venit,
722 2902 755 2955 et
776 2908 816 2955 n‘e
832 2895 1055 2971 commeatus,'

171 3020 228 3072 aut
244 3007 400 3071 auxilium
413 3006 516 3069 ullum
529 3005 669 3069 hostibus
682 3005 784 3068 afferri
795 3015 926 3090 poterat,
942 3003 1053 3068 sedulb

168 3120 336 3205 prohibuit.
415 3143 417 3148 ¹

169 3294 220 3344 him
235 3301 260 3344 to
275 3294 315 3343 bid
331 3293 439 3342 defiance
447 3303 477 3354 tc,
488 3292 510 3342 if
520 3299 563 3343 not
571 3300 597 3343 to
606 3300 711 3357 capture,
721 3308 771 3357 any
780 3289 941 3340 combinatioa
950 3290 979 3340 os
990 3290 1055 3340 sorae

169 3372 248 3424 which
257 3374 351 3422 France
361 3388 387 3421 or
396 3369 509 3420 America
518 3370 588 3420 could
598 3380 623 3419 at
633 3371 685 3419 that
694 3369 751 3418 time
760 3383 850 3432 oppose
860 3374 884 3415 to
894 3365 949 3415 him.

199 3457 211 3492 ²
226 3452 340 3510 nomm
352 3453 401 3511 tec,
413 3452 427 3477 “
434 3447 468 3498 ior
476 3448 517 3498 the
527 3462 631 3513 purpose
639 3446 669 3496 of
679 3444 801 3508 watcbing
815 3444 856 3493 the
866 3450 1016 3493 movements
1025 3439 1054 3494 οἰ

315 3529 330 3554 7)

169 3524 381 3663 aliem,
391 3601 573 3666 “provisions;”
588 3570 636 3652 this
645 3615 712 3650 noun
721 3596 831 3664 properly
839 3595 947 3662 significa
956 3611 972 3644 a
983 3611 1053 3660 pus·

170 3678 215 3745 ing
223 3685 249 3730 to
257 3677 355 3741 sedne,
365 3693 381 3726 a
390 3675 596 3728 communication.
777 3714 779 3719 .
