2444 4530
427 353 676 399 ursumcrorur
699 354 787 400 vrrs.
988 335 1051 399 185

168 509 230 576 tas,
254 497 296 562 ad
318 497 517 562 concordiam
539 507 571 561 et
593 497 766 562 amicitiam
791 486 936 561 reuocare
959 496 1052 561 haud
1122 492 1125 497 ’

169 613 256 676 certe
271 610 363 674 facile
378 610 460 673 fuit:
484 609 578 692 quod,
595 611 653 673 etsi
668 609 888 673 difficillimum
910 621 988 687 erat,
1002 621 1052 673 ta·

168 745 256 802 men,
281 725 304 788 h
326 723 568 806 Washingtonio
593 724 749 787 effectum
796 723 866 786 lrae¹
892 721 1051 805 animique
1126 748 1129 755 ¹

168 836 273 921 copias
295 837 377 899 inter
392 835 546 899 australes
561 846 593 898 et
608 835 865 920 septentrionales
879 835 1052 898 intercede-

167 949 256 1025 bant,
268 960 299 1012 et
309 948 382 1012 odia
394 949 538 1011 maxima
552 948 706 1026 civitates,
718 948 802 1011 unde
817 948 945 1032 profecti
959 950 1050 1012 luere

168 1060 220 1123 isti
249 1061 375 1138 milites,
400 1061 563 1144 exagitare
591 1060 776 1144 aliquandiu
803 1082 866 1124 non
890 1059 1048 1125 destitere.

168 1173 264 1237 Tales
288 1175 394 1257 igitur,
417 1175 543 1252 milites,
558 1185 591 1236 et
619 1174 763 1237 civitates
784 1194 934 1250 coercere,
949 1185 981 1236 et
1005 1173 1048 1238 ad

168 1285 334 1370 imperium
354 1287 487 1370 justum,
503 1298 535 1349 et
558 1286 758 1370 disciplinam
780 1285 948 1350 militarem
968 1285 1050 1349 redi·

168 1419 251 1480 gere,
267 1397 496 1476 difficillimum,
512 1398 726 1482 proculdubio,
741 1398 811 1462 luit.

210 1510 333 1586 Tanta,
348 1511 486 1594 insuper,
501 1511 561 1573 fuit
574 1511 808 1593 Washingtonii
829 1510 993 1586 modestia,
1013 1519 1051 1572 ut

167 1622 209 1683 ab
231 1621 374 1684 exercitu
396 1622 582 1704 cunctisque
602 1622 722 1684 civibus
737 1621 902 1685 carisimus
924 1622 1052 1686 habitus

166 1735 218 1798 sit.
265 1734 430 1813 Animum,
447 1756 584 1817 quoque,
600 1755 727 1818 aequum
750 1735 784 1798 in
806 1737 912 1798 rebus²
933 1735 1055 1813 arduis,

166 1867 231 1910 non
253 1849 345 1910 secus
366 1868 404 1909 ac
427 1847 460 1910 in
481 1847 579 1923 honis,
602 1867 725 1909 servare
751 1857 880 1930 poterat.
926 1846 1052 1911 Animi⁸

165 1959 421 2042 magnitudinem
442 1960 573 2023 notabat
597 1959 816 2043 aequanimitas
838 1960 904 2037 illa,
920 1962 1048 2023 fortem-

167 2092 227 2154 que
250 2082 282 2134 et
303 2092 460 2154 maguum
475 2092 552 2135 eum
574 2093 651 2148 esse,
666 2071 700 2135 in
719 2073 811 2135 rebus
832 2072 988 2148 omnibus,
1006 2071 1049 2136 ad

167 2204 244 2266 quas
267 2184 428 2248 obeundas
450 2185 551 2268 patria
567 2186 711 2262 vocabat,
727 2184 902 2248 clarissime
918 2183 1050 2247 demon·

167 2296 284 2359 stravit.
331 2297 396 2360 Seu
421 2297 540 2372 vicerit,
564 2317 622 2358 seu
645 2297 749 2360 victus
772 2296 893 2371 fucrit,¹
906 2296 1050 2358 animum

167 2409 307 2471 eundem
322 2428 444 2491 semper
460 2408 599 2488 gerebat.

213 2520 367 2595 Honores,
382 2540 459 2601 quos
474 2521 497 2582 e
511 2518 633 2581 civibus
649 2516 747 2598 gratis
763 2515 894 2599 accepit,
907 2514 1053 2579 homines

168 2631 247 2706 alios
270 2631 368 2694 ebrios
390 2630 596 2694 reddidissent
608 2652 617 2708 ;
648 2640 682 2693 at
703 2628 973 2711 Washiugtonius,
995 2648 1053 2691 seu

168 2744 360 2823 laudaretur,
385 2766 443 2808 seu
470 2743 661 2827 culparetur,
685 2752 722 2805 ut
748 2732 866 2804 cautes*
893 2741 1052 2825 Marpesia

200 2942 278 3000 trra,
297 2943 346 3001 qa,
360 2941 537 2998 “reseutment,
555 2935 603 2985 and
620 2933 764 2985 auimosities
780 2933 870 2984 existed
885 2936 994 2984 between
1010 2935 1051 2985 dre

169 3015 305 3077 mudrem‚”
314 3016 359 3064 &a

199 3116 210 3151 a
226 3109 311 3167 Rebas,
324 3109 373 3167 dc,
385 3106 430 3154 “in
440 3105 541 3156 difficult
555 3103 745 3166 circumstances,
755 3110 797 3155 not
812 3102 936 3155 otherwise
951 3104 1009 3154 than
1024 3103 1051 3156 iu

168 3199 311 3248 prosperous
320 3198 379 3232 oues
386 3187 409 3245 ;”
422 3182 473 3247 just
482 3198 510 3231 as
519 3181 544 3232 in
554 3181 692 3248 prosperity.

200 3276 314 3335 cuntot,
332 3277 381 3335 dfe,
392 3274 466 3322 “that
481 3274 626 3339 equanimity
636 3272 736 3323 denoted
753 3279 876 3338 greatness
892 3272 920 3323 os
931 3273 991 3334 seul,
1002 3271 1051 3322 and

160 3359 233 3401 most
242 3351 328 3415 clearly
337 3350 433 3411 shewed
444 3351 492 3401 him
501 3359 526 3401 to
536 3353 565 3400 be
575 3353 647 3400 breve
657 3350 704 3400 and
714 3358 782 3416 great
790 3350 816 3400 in
825 3351 857 3399 all
866 3350 953 3414 things,
964 3357 989 3398 to
998 3364 1051 3412 per-

168 3428 230 3478 form
240 3427 324 3488 which,
334 3427 371 3476 his
380 3436 480 3493 country
490 3429 565 3477 called
576 3427 648 3478 him.'’

180 3540 183 3546 ·
200 3528 211 3562 ⁴
231 3521 321 3579 Cautes,
337 3522 385 3580 dja,
401 3523 439 3568 “e
455 3519 595 3584 Marpesian
612 3519 700 3582 rock;”
716 3520 772 3569 thus
786 3517 871 3582 Virgil,
889 3515 1008 3581 speaking
1024 3513 1053 3563 oi

169 3596 258 3647 Queen
269 3595 337 3657 Dido,
349 3599 410 3645 “acc
424 3601 498 3661 magis
507 3599 692 3660 incepteealtam
701 3611 803 3644 sermone
818 3601 926 3655 movetur,
937 3592 1016 3648 Qudm
1030 3592 1053 3639 εἰ

169 3676 228 3727 dura
243 3675 305 3736 siles,
316 3679 356 3723 cut
364 3679 407 3724 stet
417 3673 534 3740 Marpesia
549 3678 647 3723 cautes?
678 3674 732 3724 Nor
747 3671 768 3721 is
778 3671 822 3721 she
833 3686 897 3720 more
912 3665 999 3718 mered
1011 3666 1052 3728 (as

604 3759 647 3807 Η
673 3801 675 3804 ⁴
