<?xml version="1.0" encoding="UTF-8"?>
<!DOCTYPE html PUBLIC "-//W3C//DTD XHTML 1.0 Transitional//EN"
    "http://www.w3.org/TR/xhtml1/DTD/xhtml1-transitional.dtd">
<html xmlns="http://www.w3.org/1999/xhtml" xml:lang="en" lang="en">
 <head>
  <title>
</title>
<meta http-equiv="Content-Type" content="text/html;charset=utf-8" />
  <meta name='ocr-system' content='tesseract 3.04.00' />
  <meta name='ocr-capabilities' content='ocr_page ocr_carea ocr_par ocr_line ocrx_word'/>
</head>
<body>
  <div class='ocr_page' id='page_1' title='image "./alifegeorgewash01glasgoog_0107.png"; bbox 0 0 2444 4530; ppageno 0'>
   <div class='ocr_carea' id='block_1_1' title="bbox 168 308 783 374">
    <p class='ocr_par' dir='ltr' id='par_1_1' title="bbox 168 308 783 374">
     <span class='ocr_line' id='line_1_1' title="bbox 168 308 783 374; baseline -0.007 0"><span class='ocrx_word' id='word_1_1' title='bbox 168 308 231 374; x_wconf 85' lang='lat' dir='ltr'><strong>no</strong></span> <span class='ocrx_word' id='word_1_2' title='bbox 422 323 674 371; x_wconf 76' lang='lat' dir='ltr'><strong>wrsnrneronrr</strong></span> <span class='ocrx_word' id='word_1_3' title='bbox 696 322 783 370; x_wconf 69' lang='lat' dir='ltr'><strong>vrrs.</strong></span> 
     </span>
    </p>
   </div>
   <div class='ocr_carea' id='block_1_2' title="bbox 166 467 1057 2782">
    <p class='ocr_par' dir='ltr' id='par_1_2' title="bbox 166 467 1051 1338">
     <span class='ocr_line' id='line_1_2' title="bbox 166 467 1050 553; baseline -0.006 -18"><span class='ocrx_word' id='word_1_4' title='bbox 166 470 261 535; x_wconf 82' lang='lat' dir='ltr'><strong>beris¹</strong></span> <span class='ocrx_word' id='word_1_5' title='bbox 275 491 316 535; x_wconf 83' lang='lat' dir='ltr'><strong>ex</strong></span> <span class='ocrx_word' id='word_1_6' title='bbox 329 467 520 546; x_wconf 82' lang='lat' dir='ltr'><strong>hemimbus,</strong></span> <span class='ocrx_word' id='word_1_7' title='bbox 535 467 681 533; x_wconf 83' lang='lat' dir='ltr'><strong>maxime</strong></span> <span class='ocrx_word' id='word_1_8' title='bbox 694 488 736 532; x_wconf 82' lang='lat' dir='ltr'><strong>ex</strong></span> <span class='ocrx_word' id='word_1_9' title='bbox 750 476 847 553; x_wconf 83' lang='lat' dir='ltr'><strong>perte,</strong></span> <span class='ocrx_word' id='word_1_10' title='bbox 860 467 1050 547; x_wconf 84' lang='lat' dir='ltr'><strong>conflatum,</strong></span> 
     </span>
     <span class='ocr_line' id='line_1_3' title="bbox 166 580 1050 666; baseline -0.001 -19"><span class='ocrx_word' id='word_1_11' title='bbox 166 583 390 647; x_wconf 86' lang='lat' dir='ltr'><strong>dlffieillimum</strong></span> <span class='ocrx_word' id='word_1_12' title='bbox 399 601 519 665; x_wconf 82' lang='lat' dir='ltr'><strong>semper</strong></span> <span class='ocrx_word' id='word_1_13' title='bbox 528 581 605 644; x_wconf 84' lang='lat' dir='ltr'><strong>fuit:</strong></span> <span class='ocrx_word' id='word_1_14' title='bbox 621 580 707 666; x_wconf 89' lang='lat' dir='ltr'><strong>apud</strong></span> <span class='ocrx_word' id='word_1_15' title='bbox 716 581 891 646; x_wconf 85' lang='lat' dir='ltr'><strong>exereitum</strong></span> <span class='ocrx_word' id='word_1_16' title='bbox 900 583 1050 646; x_wconf 69' lang='lat' dir='ltr'><strong>omnibu·</strong></span> 
     </span>
     <span class='ocr_line' id='line_1_4' title="bbox 167 683 1051 776; baseline -0.002 -17"><span class='ocrx_word' id='word_1_17' title='bbox 167 696 348 759; x_wconf 81' lang='lat' dir='ltr'><strong>necessariis</strong></span> <span class='ocrx_word' id='word_1_18' title='bbox 362 695 455 756; x_wconf 86' lang='lat' dir='ltr'><strong>rebus</strong></span> <span class='ocrx_word' id='word_1_19' title='bbox 469 691 593 756; x_wconf 92' lang='lat' dir='ltr'><strong>nudum</strong></span> <span class='ocrx_word' id='word_1_20' title='bbox 608 703 842 776; x_wconf 75' lang='lat' dir='ltr'>expertemque,</span> <span class='ocrx_word' id='word_1_21' title='bbox 857 693 914 756; x_wconf 81' lang='lat' dir='ltr'><strong>rix</strong></span> <span class='ocrx_word' id='word_1_22' title='bbox 932 683 1051 758; x_wconf 84' lang='lat' dir='ltr'><strong>morte·</strong></span> 
     </span>
     <span class='ocr_line' id='line_1_5' title="bbox 167 802 1050 888; baseline -0.006 -17"><span class='ocrx_word' id='word_1_23' title='bbox 167 805 249 870; x_wconf 90' lang='lat' dir='ltr'><strong>lium</strong></span> <span class='ocrx_word' id='word_1_24' title='bbox 263 817 319 870; x_wconf 88' lang='lat' dir='ltr'><strong>est.</strong></span> <span class='ocrx_word' id='word_1_25' title='bbox 366 806 404 870; x_wconf 93' lang='lat' dir='ltr'><strong>ln</strong></span> <span class='ocrx_word' id='word_1_26' title='bbox 415 805 477 869; x_wconf 79' lang='lat' dir='ltr'><strong>hee</strong></span> <span class='ocrx_word' id='word_1_27' title='bbox 488 825 592 868; x_wconf 88' lang='lat' dir='ltr'><strong>rerum</strong></span> <span class='ocrx_word' id='word_1_28' title='bbox 603 802 797 880; x_wconf 83' lang='lat' dir='ltr'><strong>difficultate,</strong></span> <span class='ocrx_word' id='word_1_29' title='bbox 809 805 855 867; x_wconf 86' lang='lat' dir='ltr'><strong>ite</strong></span> <span class='ocrx_word' id='word_1_30' title='bbox 867 825 936 868; x_wconf 84' lang='lat' dir='ltr'><strong>sese</strong></span> <span class='ocrx_word' id='word_1_31' title='bbox 953 804 1050 888; x_wconf 76' lang='lat' dir='ltr'><strong>gessit</strong></span> 
     </span>
     <span class='ocr_line' id='line_1_6' title="bbox 167 915 1049 1001; baseline 0 -21"><span class='ocrx_word' id='word_1_32' title='bbox 167 918 442 1001; x_wconf 81' lang='lat' dir='ltr'><strong>Waehingtonius‚</strong></span> <span class='ocrx_word' id='word_1_33' title='bbox 451 928 487 981; x_wconf 90' lang='lat' dir='ltr'><strong>ut</strong></span> <span class='ocrx_word' id='word_1_34' title='bbox 497 917 660 994; x_wconf 78' lang='lat' dir='ltr'><strong>militibus,</strong></span> <span class='ocrx_word' id='word_1_35' title='bbox 668 915 763 1000; x_wconf 89' lang='lat' dir='ltr'><strong>juxta</strong></span> <span class='ocrx_word' id='word_1_36' title='bbox 775 935 813 978; x_wconf 87' lang='lat' dir='ltr'><strong>ec</strong></span> <span class='ocrx_word' id='word_1_37' title='bbox 824 915 947 979; x_wconf 86' lang='lat' dir='ltr'><strong>civibus</strong></span> <span class='ocrx_word' id='word_1_38' title='bbox 957 915 1049 980; x_wconf 87' lang='lat' dir='ltr'><strong>earis-</strong></span> 
     </span>
     <span class='ocr_line' id='line_1_7' title="bbox 168 1028 1049 1112; baseline 0 -20"><span class='ocrx_word' id='word_1_39' title='bbox 168 1030 269 1093; x_wconf 84' lang='lat' dir='ltr'><strong>simus</strong></span> <span class='ocrx_word' id='word_1_40' title='bbox 288 1030 329 1093; x_wconf 90' lang='lat' dir='ltr'><strong>sit</strong></span> <span class='ocrx_word' id='word_1_41' title='bbox 347 1032 461 1094; x_wconf 84' lang='lat' dir='ltr'><strong>faetus.</strong></span> <span class='ocrx_word' id='word_1_42' title='bbox 507 1029 616 1107; x_wconf 88' lang='lat' dir='ltr'><strong>Nulla,</strong></span> <span class='ocrx_word' id='word_1_43' title='bbox 631 1029 750 1112; x_wconf 82' lang='lat' dir='ltr'><strong>iteque,</strong></span> <span class='ocrx_word' id='word_1_44' title='bbox 765 1048 814 1091; x_wconf 90' lang='lat' dir='ltr'><strong>res</strong></span> <span class='ocrx_word' id='word_1_45' title='bbox 828 1028 1049 1106; x_wconf 88' lang='lat' dir='ltr'><strong>memorabilis,</strong></span> 
     </span>
     <span class='ocr_line' id='line_1_8' title="bbox 168 1141 1050 1225; baseline 0 -19"><span class='ocrx_word' id='word_1_46' title='bbox 168 1142 310 1207; x_wconf 85' lang='lat' dir='ltr'><strong>exercitu</strong></span> <span class='ocrx_word' id='word_1_47' title='bbox 331 1153 399 1206; x_wconf 88' lang='lat' dir='ltr'><strong>tem</strong></span> <span class='ocrx_word' id='word_1_48' title='bbox 422 1141 665 1225; x_wconf 87' lang='lat' dir='ltr'><strong>nudo,tamqua</strong></span> <span class='ocrx_word' id='word_1_49' title='bbox 677 1141 763 1206; x_wconf 90' lang='lat' dir='ltr'><strong>male</strong></span> <span class='ocrx_word' id='word_1_50' title='bbox 777 1141 964 1206; x_wconf 81' lang='lat' dir='ltr'><strong>necessariis</strong></span> <span class='ocrx_word' id='word_1_51' title='bbox 984 1161 1050 1206; x_wconf 87' lang='lat' dir='ltr'><strong>em·</strong></span> 
     </span>
     <span class='ocr_line' id='line_1_9' title="bbox 168 1252 785 1338; baseline -0.005 -20"><span class='ocrx_word' id='word_1_52' title='bbox 168 1252 262 1318; x_wconf 88' lang='lat' dir='ltr'><strong>nibus</strong></span> <span class='ocrx_word' id='word_1_53' title='bbox 275 1255 367 1318; x_wconf 84' lang='lat' dir='ltr'><strong>rebus</strong></span> <span class='ocrx_word' id='word_1_54' title='bbox 381 1254 558 1332; x_wconf 57' lang='lat' dir='ltr'><strong>instructo?</strong></span> <span class='ocrx_word' id='word_1_55' title='bbox 574 1253 641 1337; x_wconf 80' lang='lat' dir='ltr'><strong>geri</strong></span> <span class='ocrx_word' id='word_1_56' title='bbox 656 1262 785 1338; x_wconf 89' lang='lat' dir='ltr'><strong>poterat.</strong></span> 
     </span>
    </p>

    <p class='ocr_par' dir='ltr' id='par_1_3' title="bbox 169 1364 1057 2782">
     <span class='ocr_line' id='line_1_10' title="bbox 214 1364 1051 1453; baseline -0.004 -20"><span class='ocrx_word' id='word_1_57' title='bbox 214 1367 341 1447; x_wconf 79' lang='lat' dir='ltr'>Hostes,</span> <span class='ocrx_word' id='word_1_58' title='bbox 357 1378 475 1445; x_wconf 80' lang='lat' dir='ltr'>contre,</span> <span class='ocrx_word' id='word_1_59' title='bbox 490 1367 546 1453; x_wconf 92' lang='lat' dir='ltr'><strong>qui</strong></span> <span class='ocrx_word' id='word_1_60' title='bbox 565 1366 693 1431; x_wconf 82' lang='lat' dir='ltr'><strong>Novum</strong></span> <span class='ocrx_word' id='word_1_61' title='bbox 711 1365 781 1449; x_wconf 89' lang='lat' dir='ltr'><strong>jam</strong></span> <span class='ocrx_word' id='word_1_62' title='bbox 796 1365 976 1430; x_wconf 80' lang='lat' dir='ltr'><strong>Eboracum</strong></span> <span class='ocrx_word' id='word_1_63' title='bbox 994 1364 1051 1430; x_wconf 88' lang='lat' dir='ltr'><strong>eli·</strong></span> 
     </span>
     <span class='ocr_line' id='line_1_11' title="bbox 170 1479 1052 1566; baseline -0.002 -22"><span class='ocrx_word' id='word_1_64' title='bbox 170 1497 269 1564; x_wconf 79' lang='lat' dir='ltr'><strong>esque</strong></span> <span class='ocrx_word' id='word_1_65' title='bbox 292 1481 589 1566; x_wconf 74' lang='lat' dir='ltr'><strong>regionesimpune</strong></span> <span class='ocrx_word' id='word_1_66' title='bbox 610 1479 772 1557; x_wconf 88' lang='lat' dir='ltr'><strong>tenebant,</strong></span> <span class='ocrx_word' id='word_1_67' title='bbox 792 1489 834 1556; x_wconf 91' lang='lat' dir='ltr'><strong>et,</strong></span> <span class='ocrx_word' id='word_1_68' title='bbox 850 1497 1052 1562; x_wconf 85' lang='lat' dir='ltr'><strong>quocumque</strong></span> 
     </span>
     <span class='ocr_line' id='line_1_12' title="bbox 169 1591 1052 1676; baseline -0.003 -18"><span class='ocrx_word' id='word_1_69' title='bbox 169 1591 288 1674; x_wconf 84' lang='lat' dir='ltr'><strong>libuit,⁸</strong></span> <span class='ocrx_word' id='word_1_70' title='bbox 305 1593 463 1660; x_wconf 73' lang='lat' dir='ltr'><strong>liberrime</strong></span> <span class='ocrx_word' id='word_1_71' title='bbox 484 1593 693 1676; x_wconf 81' lang='lat' dir='ltr'><strong>vagabantur,</strong></span> <span class='ocrx_word' id='word_1_72' title='bbox 717 1591 860 1655; x_wconf 87' lang='lat' dir='ltr'><strong>omnibus</strong></span> <span class='ocrx_word' id='word_1_73' title='bbox 882 1592 977 1656; x_wconf 87' lang='lat' dir='ltr'><strong>rebus</strong></span> <span class='ocrx_word' id='word_1_74' title='bbox 998 1611 1052 1655; x_wconf 88' lang='lat' dir='ltr'><strong>ne·</strong></span> 
     </span>
     <span class='ocr_line' id='line_1_13' title="bbox 171 1702 1052 1792; baseline -0.003 -20"><span class='ocrx_word' id='word_1_75' title='bbox 171 1708 311 1772; x_wconf 85' lang='lat' dir='ltr'><strong>cessariis</strong></span> <span class='ocrx_word' id='word_1_76' title='bbox 325 1707 421 1792; x_wconf 89' lang='lat' dir='ltr'><strong>plene</strong></span> <span class='ocrx_word' id='word_1_77' title='bbox 435 1706 538 1771; x_wconf 90' lang='lat' dir='ltr'><strong>ornati</strong></span> <span class='ocrx_word' id='word_1_78' title='bbox 553 1705 772 1787; x_wconf 79' lang='lat' dir='ltr'><strong>instructique,</strong></span> <span class='ocrx_word' id='word_1_79' title='bbox 788 1702 958 1767; x_wconf 90' lang='lat' dir='ltr'><strong>hominum</strong></span> <span class='ocrx_word' id='word_1_80' title='bbox 973 1703 1052 1769; x_wconf 88' lang='lat' dir='ltr'><strong>mul·</strong></span> 
     </span>
     <span class='ocr_line' id='line_1_14' title="bbox 171 1815 1053 1903; baseline -0.002 -21"><span class='ocrx_word' id='word_1_81' title='bbox 171 1819 304 1883; x_wconf 87' lang='lat' dir='ltr'><strong>titudine</strong></span> <span class='ocrx_word' id='word_1_82' title='bbox 326 1819 424 1901; x_wconf 81' lang='lat' dir='ltr'><strong>longe</strong></span> <span class='ocrx_word' id='word_1_83' title='bbox 439 1819 651 1903; x_wconf 73' lang='lat' dir='ltr'><strong>prestabant⁴</strong></span> <span class='ocrx_word' id='word_1_84' title='bbox 668 1829 764 1901; x_wconf 87' lang='lat' dir='ltr'><strong>etque</strong></span> <span class='ocrx_word' id='word_1_85' title='bbox 779 1827 930 1881; x_wconf 89' lang='lat' dir='ltr'><strong>terrorem</strong></span> <span class='ocrx_word' id='word_1_86' title='bbox 952 1815 1053 1881; x_wconf 84' lang='lat' dir='ltr'><strong>maxi·</strong></span> 
     </span>
     <span class='ocr_line' id='line_1_15' title="bbox 171 1928 1052 2012; baseline 0.001 -18"><span class='ocrx_word' id='word_1_87' title='bbox 171 1949 274 2006; x_wconf 85' lang='lat' dir='ltr'><strong>mum,</strong></span> <span class='ocrx_word' id='word_1_88' title='bbox 290 1950 492 2012; x_wconf 88' lang='lat' dir='ltr'><strong>quacumque</strong></span> <span class='ocrx_word' id='word_1_89' title='bbox 506 1928 705 2007; x_wconf 78' lang='lat' dir='ltr'><strong>incedebant,</strong></span> <span class='ocrx_word' id='word_1_90' title='bbox 719 1929 831 1994; x_wconf 89' lang='lat' dir='ltr'><strong>incolis</strong></span> <span class='ocrx_word' id='word_1_91' title='bbox 845 1930 1052 1995; x_wconf 72' lang='lat' dir='ltr'><strong>incutiebant.</strong></span> 
     </span>
     <span class='ocr_line' id='line_1_16' title="bbox 172 2040 1056 2124; baseline -0.001 -18"><span class='ocrx_word' id='word_1_92' title='bbox 172 2040 290 2106; x_wconf 79' lang='lat' dir='ltr'><strong>lloeece</strong></span> <span class='ocrx_word' id='word_1_93' title='bbox 312 2041 450 2104; x_wconf 91' lang='lat' dir='ltr'><strong>militum</strong></span> <span class='ocrx_word' id='word_1_94' title='bbox 472 2041 681 2124; x_wconf 74' lang='lat' dir='ltr'><strong>inaequalitas·</strong></span> <span class='ocrx_word' id='word_1_95' title='bbox 704 2040 747 2104; x_wconf 94' lang='lat' dir='ltr'><strong>ad</strong></span> <span class='ocrx_word' id='word_1_96' title='bbox 771 2042 892 2105; x_wconf 87' lang='lat' dir='ltr'><strong>flumen</strong></span> <span class='ocrx_word' id='word_1_97' title='bbox 917 2040 1056 2106; x_wconf 89' lang='lat' dir='ltr'><strong>Hudscn</strong></span> 
     </span>
     <span class='ocr_line' id='line_1_17' title="bbox 171 2151 1056 2239; baseline -0.001 -22"><span class='ocrx_word' id='word_1_98' title='bbox 171 2152 344 2225; x_wconf 74' lang='lat' dir='ltr'><strong>clarissime</strong></span> <span class='ocrx_word' id='word_1_99' title='bbox 367 2165 416 2216; x_wconf 84' lang='lat' dir='ltr'><strong>est</strong></span> <span class='ocrx_word' id='word_1_100' title='bbox 429 2164 612 2239; x_wconf 86' lang='lat' dir='ltr'><strong>perspecta;</strong></span> <span class='ocrx_word' id='word_1_101' title='bbox 636 2173 748 2236; x_wconf 90' lang='lat' dir='ltr'><strong>quum,</strong></span> <span class='ocrx_word' id='word_1_102' title='bbox 764 2153 861 2231; x_wconf 91' lang='lat' dir='ltr'><strong>enim,</strong></span> <span class='ocrx_word' id='word_1_103' title='bbox 876 2151 940 2216; x_wconf 92' lang='lat' dir='ltr'><strong>duo</strong></span> <span class='ocrx_word' id='word_1_104' title='bbox 964 2173 1056 2217; x_wconf 87' lang='lat' dir='ltr'><strong>exer·</strong></span> 
     </span>
     <span class='ocr_line' id='line_1_18' title="bbox 172 2266 1057 2351; baseline 0.001 -21"><span class='ocrx_word' id='word_1_105' title='bbox 172 2266 255 2331; x_wconf 91' lang='lat' dir='ltr'><strong>citus</strong></span> <span class='ocrx_word' id='word_1_106' title='bbox 268 2276 370 2330; x_wconf 87' lang='lat' dir='ltr'><strong>castre</strong></span> <span class='ocrx_word' id='word_1_107' title='bbox 380 2286 504 2330; x_wconf 84' lang='lat' dir='ltr'><strong>movere</strong></span> <span class='ocrx_word' id='word_1_108' title='bbox 518 2266 690 2351; x_wconf 77' lang='lat' dir='ltr'><strong>cepissent,</strong></span> <span class='ocrx_word' id='word_1_109' title='bbox 701 2266 847 2331; x_wconf 78' lang='lat' dir='ltr'><strong>Britanni</strong></span> <span class='ocrx_word' id='word_1_110' title='bbox 858 2266 978 2329; x_wconf 89' lang='lat' dir='ltr'><strong>flumen</strong></span> <span class='ocrx_word' id='word_1_111' title='bbox 994 2275 1057 2331; x_wconf 82' lang='lat' dir='ltr'><strong>tre·</strong></span> 
     </span>
     <span class='ocr_line' id='line_1_19' title="bbox 176 2379 1057 2466; baseline 0 -23"><span class='ocrx_word' id='word_1_112' title='bbox 176 2379 284 2466; x_wconf 86' lang='lat' dir='ltr'><strong>jicere,</strong></span> <span class='ocrx_word' id='word_1_113' title='bbox 299 2380 467 2466; x_wconf 89' lang='lat' dir='ltr'><strong>copiasque</strong></span> <span class='ocrx_word' id='word_1_114' title='bbox 478 2380 513 2444; x_wconf 88' lang='lat' dir='ltr'><strong>in</strong></span> <span class='ocrx_word' id='word_1_115' title='bbox 527 2382 643 2444; x_wconf 72' lang='lat' dir='ltr'><strong>unum·</strong></span> <span class='ocrx_word' id='word_1_116' title='bbox 656 2381 793 2444; x_wconf 85' lang='lat' dir='ltr'><strong>conferre</strong></span> <span class='ocrx_word' id='word_1_117' title='bbox 805 2379 956 2443; x_wconf 75' lang='lat' dir='ltr'><strong>facillime</strong></span> <span class='ocrx_word' id='word_1_118' title='bbox 969 2389 1057 2463; x_wconf 84' lang='lat' dir='ltr'><strong>pete-</strong></span> 
     </span>
     <span class='ocr_line' id='line_1_20' title="bbox 173 2492 1054 2576; baseline -0.005 -18"><span class='ocrx_word' id='word_1_119' title='bbox 173 2505 257 2574; x_wconf 83' lang='lat' dir='ltr'><strong>rent,</strong></span> <span class='ocrx_word' id='word_1_120' title='bbox 280 2493 475 2572; x_wconf 81' lang='lat' dir='ltr'><strong>Americani,</strong></span> <span class='ocrx_word' id='word_1_121' title='bbox 496 2505 615 2572; x_wconf 90' lang='lat' dir='ltr'><strong>autem,</strong></span> <span class='ocrx_word' id='word_1_122' title='bbox 638 2494 681 2557; x_wconf 81' lang='lat' dir='ltr'><strong>ob·</strong></span> <span class='ocrx_word' id='word_1_123' title='bbox 698 2512 868 2557; x_wconf 90' lang='lat' dir='ltr'><strong>numerum</strong></span> <span class='ocrx_word' id='word_1_124' title='bbox 889 2492 1054 2576; x_wconf 85' lang='lat' dir='ltr'><strong>exiguum,</strong></span> 
     </span>
     <span class='ocr_line' id='line_1_21' title="bbox 174 2591 1056 2690; baseline 0 -19"><span class='ocrx_word' id='word_1_125' title='bbox 174 2591 220 2671; x_wconf 89' lang='lat' dir='ltr'><strong>nil</strong></span> <span class='ocrx_word' id='word_1_126' title='bbox 234 2627 392 2689; x_wconf 83' lang='lat' dir='ltr'><strong>magnum</strong></span> <span class='ocrx_word' id='word_1_127' title='bbox 406 2606 507 2685; x_wconf 92' lang='lat' dir='ltr'><strong>ordiri,</strong></span> <span class='ocrx_word' id='word_1_128' title='bbox 518 2628 623 2690; x_wconf 91' lang='lat' dir='ltr'><strong>neque</strong></span> <span class='ocrx_word' id='word_1_129' title='bbox 637 2607 763 2690; x_wconf 80' lang='lat' dir='ltr'><strong>longius</strong></span> <span class='ocrx_word' id='word_1_130' title='bbox 778 2625 799 2668; x_wconf 85' lang='lat' dir='ltr'><strong>a</strong></span> <span class='ocrx_word' id='word_1_131' title='bbox 811 2605 920 2668; x_wconf 88' lang='lat' dir='ltr'><strong>castris</strong></span> <span class='ocrx_word' id='word_1_132' title='bbox 935 2603 1056 2690; x_wconf 86' lang='lat' dir='ltr'><strong>prodire</strong></span> 
     </span>
     <span class='ocr_line' id='line_1_22' title="bbox 174 2718 345 2782; baseline 0.006 -1"><span class='ocrx_word' id='word_1_133' title='bbox 174 2718 345 2782; x_wconf 77' lang='lat' dir='ltr'><strong>audebunt.</strong></span> 
     </span>
    </p>
   </div>
   <div class='ocr_carea' id='block_1_3' title="bbox 174 2935 1060 3700">
    <p class='ocr_par' dir='ltr' id='par_1_4' title="bbox 174 2935 1060 3432">
     <span class='ocr_line' id='line_1_23' title="bbox 205 2935 1059 3005; baseline 0.004 -20"><span class='ocrx_word' id='word_1_134' title='bbox 205 2943 216 2978; x_wconf 84' lang='lat'>1</span> <span class='ocrx_word' id='word_1_135' title='bbox 231 2936 329 2998; x_wconf 68' lang='lat' dir='ltr'><strong>Luem,</strong></span> <span class='ocrx_word' id='word_1_136' title='bbox 342 2938 392 2999; x_wconf 60' lang='lat' dir='ltr'><strong>ec,</strong></span> <span class='ocrx_word' id='word_1_137' title='bbox 402 2937 559 3005; x_wconf 73' lang='lat' dir='ltr'><strong>“compeeed</strong></span> <span class='ocrx_word' id='word_1_138' title='bbox 569 2937 595 2987; x_wconf 91' lang='lat' dir='ltr'><strong>in</strong></span> <span class='ocrx_word' id='word_1_139' title='bbox 604 2954 620 2987; x_wconf 87' lang='lat' dir='ltr'><strong>a</strong></span> <span class='ocrx_word' id='word_1_140' title='bbox 634 2944 702 3003; x_wconf 83' lang='lat' dir='ltr'><strong>great</strong></span> <span class='ocrx_word' id='word_1_141' title='bbox 711 2953 828 2999; x_wconf 81' lang='lat' dir='ltr'><strong>measure,</strong></span> <span class='ocrx_word' id='word_1_142' title='bbox 837 2935 867 2986; x_wconf 86' lang='lat' dir='ltr'><strong>of</strong></span> <span class='ocrx_word' id='word_1_143' title='bbox 876 2935 1006 2988; x_wconf 80' lang='lat' dir='ltr'><strong>sreemen.”</strong></span> <span class='ocrx_word' id='word_1_144' title='bbox 1034 2935 1059 2988; x_wconf 81' lang='lat' dir='ltr'><strong>lt</strong></span> 
     </span>
     <span class='ocr_line' id='line_1_24' title="bbox 175 3013 1059 3082; baseline 0.002 -20"><span class='ocrx_word' id='word_1_145' title='bbox 175 3025 235 3074; x_wconf 78' lang='lat' dir='ltr'><strong>was,</strong></span> <span class='ocrx_word' id='word_1_146' title='bbox 246 3019 310 3063; x_wconf 84' lang='lat' dir='ltr'><strong>most</strong></span> <span class='ocrx_word' id='word_1_147' title='bbox 325 3013 457 3078; x_wconf 82' lang='lat' dir='ltr'><strong>assuredly,</strong></span> <span class='ocrx_word' id='word_1_148' title='bbox 468 3013 598 3080; x_wconf 85' lang='lat' dir='ltr'><strong>eminentiy</strong></span> <span class='ocrx_word' id='word_1_149' title='bbox 608 3013 709 3064; x_wconf 88' lang='lat' dir='ltr'><strong>difficult</strong></span> <span class='ocrx_word' id='word_1_150' title='bbox 716 3021 743 3065; x_wconf 85' lang='lat' dir='ltr'><strong>to</strong></span> <span class='ocrx_word' id='word_1_151' title='bbox 752 3013 852 3064; x_wconf 85' lang='lat' dir='ltr'><strong>restrain</strong></span> <span class='ocrx_word' id='word_1_152' title='bbox 862 3013 922 3063; x_wconf 79' lang='lat' dir='ltr'><strong>such</strong></span> <span class='ocrx_word' id='word_1_153' title='bbox 933 3029 967 3064; x_wconf 78' lang='lat' dir='ltr'><strong>an</strong></span> <span class='ocrx_word' id='word_1_154' title='bbox 982 3026 1059 3082; x_wconf 75' lang='lat' dir='ltr'><strong>army,</strong></span> 
     </span>
     <span class='ocr_line' id='line_1_25' title="bbox 174 3089 757 3157; baseline 0.002 -17"><span class='ocrx_word' id='word_1_155' title='bbox 174 3089 225 3155; x_wconf 79' lang='lat' dir='ltr'><strong>and</strong></span> <span class='ocrx_word' id='word_1_156' title='bbox 234 3089 320 3139; x_wconf 87' lang='lat' dir='ltr'><strong>reduce</strong></span> <span class='ocrx_word' id='word_1_157' title='bbox 329 3089 382 3140; x_wconf 87' lang='lat' dir='ltr'><strong>itte</strong></span> <span class='ocrx_word' id='word_1_158' title='bbox 391 3090 470 3139; x_wconf 80' lang='lat' dir='ltr'><strong>habits</strong></span> <span class='ocrx_word' id='word_1_159' title='bbox 480 3091 509 3140; x_wconf 86' lang='lat' dir='ltr'><strong>ol</strong></span> <span class='ocrx_word' id='word_1_160' title='bbox 519 3091 621 3155; x_wconf 84' lang='lat' dir='ltr'><strong>military</strong></span> <span class='ocrx_word' id='word_1_161' title='bbox 628 3091 757 3157; x_wconf 83' lang='lat' dir='ltr'><strong>discipline.</strong></span> 
     </span>
     <span class='ocr_line' id='line_1_26' title="bbox 204 3166 796 3235; baseline 0.012 -23"><span class='ocrx_word' id='word_1_162' title='bbox 204 3175 218 3212; x_wconf 77' lang='lat' dir='ltr'><strong>a</strong></span> <span class='ocrx_word' id='word_1_163' title='bbox 233 3169 354 3229; x_wconf 64' lang='lat' dir='ltr'><strong>lantrude,</strong></span> <span class='ocrx_word' id='word_1_164' title='bbox 365 3166 532 3228; x_wconf 79' lang='lat' dir='ltr'><strong>“firmished,”</strong></span> <span class='ocrx_word' id='word_1_165' title='bbox 542 3166 661 3231; x_wconf 83' lang='lat' dir='ltr'><strong>pmvided,</strong></span> <span class='ocrx_word' id='word_1_166' title='bbox 671 3184 698 3218; x_wconf 90' lang='lat' dir='ltr'><strong>or</strong></span> <span class='ocrx_word' id='word_1_167' title='bbox 708 3168 796 3235; x_wconf 88' lang='lat' dir='ltr'><strong>equlpt.</strong></span> 
     </span>
     <span class='ocr_line' id='line_1_27' title="bbox 206 3243 1059 3311; baseline 0.009 -22"><span class='ocrx_word' id='word_1_168' title='bbox 206 3252 218 3289; x_wconf 82' lang='lat' dir='ltr'><strong>t</strong></span> <span class='ocrx_word' id='word_1_169' title='bbox 235 3246 381 3307; x_wconf 65' lang='lat' dir='ltr'><strong>quonamque</strong></span> <span class='ocrx_word' id='word_1_170' title='bbox 390 3245 463 3306; x_wconf 72' lang='lat' dir='ltr'><strong>been,</strong></span> <span class='ocrx_word' id='word_1_171' title='bbox 475 3247 490 3272; x_wconf 90' lang='grc'>“</span> <span class='ocrx_word' id='word_1_172' title='bbox 496 3243 676 3294; x_wconf 80' lang='lat' dir='ltr'><strong>wlritlrerseever</strong></span> <span class='ocrx_word' id='word_1_173' title='bbox 684 3245 741 3310; x_wconf 81' lang='lat' dir='ltr'><strong>they</strong></span> <span class='ocrx_word' id='word_1_174' title='bbox 748 3245 868 3311; x_wconf 81' lang='lat' dir='ltr'><strong>pleased,”</strong></span> <span class='ocrx_word' id='word_1_175' title='bbox 875 3243 1059 3297; x_wconf 74' lang='lat' dir='ltr'><strong>erlmdamind.</strong></span> 
     </span>
     <span class='ocr_line' id='line_1_28' title="bbox 205 3319 1060 3389; baseline 0.009 -22"><span class='ocrx_word' id='word_1_176' title='bbox 205 3331 218 3367; x_wconf 78' lang='grc'><strong>4</strong></span> <span class='ocrx_word' id='word_1_177' title='bbox 234 3323 386 3383; x_wconf 62' lang='lat' dir='ltr'><strong>halabant,</strong></span> <span class='ocrx_word' id='word_1_178' title='bbox 397 3319 536 3370; x_wconf 80' lang='lat' dir='ltr'><strong>“exeeeded</strong></span> <span class='ocrx_word' id='word_1_179' title='bbox 547 3319 595 3382; x_wconf 74' lang='lat' dir='ltr'><strong>(tte</strong></span> <span class='ocrx_word' id='word_1_180' title='bbox 608 3322 755 3387; x_wconf 67' lang='lat' dir='ltr'><strong>American)</strong></span> <span class='ocrx_word' id='word_1_181' title='bbox 767 3325 801 3389; x_wconf 80' lang='lat' dir='ltr'><strong>by</strong></span> <span class='ocrx_word' id='word_1_182' title='bbox 809 3323 853 3387; x_wconf 79' lang='lat' dir='ltr'><strong>ier,</strong></span> <span class='ocrx_word' id='word_1_183' title='bbox 862 3322 888 3373; x_wconf 87' lang='lat' dir='ltr'><strong>in</strong></span> <span class='ocrx_word' id='word_1_184' title='bbox 902 3323 943 3373; x_wconf 81' lang='lat' dir='ltr'><strong>the</strong></span> <span class='ocrx_word' id='word_1_185' title='bbox 958 3323 1060 3374; x_wconf 84' lang='lat' dir='ltr'><strong>number</strong></span> 
     </span>
     <span class='ocr_line' id='line_1_29' title="bbox 280 3403 770 3432; baseline 0.006 -3"><span class='ocrx_word' id='word_1_186' title='bbox 280 3403 296 3430; x_wconf 63' lang='grc' dir='ltr'><strong>’ί</strong></span> <span class='ocrx_word' id='word_1_187' title='bbox 767 3428 770 3432; x_wconf 90' lang='grc'><em>.</em></span> 
     </span>
    </p>

    <p class='ocr_par' dir='ltr' id='par_1_5' title="bbox 175 3399 1060 3583">
     <span class='ocr_line' id='line_1_30' title="bbox 175 3399 1060 3544; baseline 0.011 -24"><span class='ocrx_word' id='word_1_188' title='bbox 175 3399 318 3526; x_wconf 35' lang='grc' dir='ltr'><strong>01,ιωὲΙῗεῗοοι</strong></span> <span class='ocrx_word' id='word_1_189' title='bbox 333 3477 433 3525; x_wconf 72' lang='lat' dir='ltr'><strong>ntilltum</strong></span> <span class='ocrx_word' id='word_1_190' title='bbox 446 3476 598 3539; x_wconf 71' lang='lat' dir='ltr'><strong>inequalem,</strong></span> <span class='ocrx_word' id='word_1_191' title='bbox 613 3477 629 3504; x_wconf 90' lang='lat'>“</span> <span class='ocrx_word' id='word_1_192' title='bbox 639 3472 686 3525; x_wconf 74' lang='lat' dir='ltr'><strong>thie</strong></span> <span class='ocrx_word' id='word_1_193' title='bbox 703 3475 828 3544; x_wconf 55' lang='grc' dir='ltr'><strong>(πυκναὶ)</strong></span> <span class='ocrx_word' id='word_1_194' title='bbox 844 3475 961 3544; x_wconf 79' lang='lat' dir='ltr'><strong>disparlty</strong></span> <span class='ocrx_word' id='word_1_195' title='bbox 975 3477 1004 3530; x_wconf 77' lang='lat' dir='ltr'><strong>oi</strong></span> <span class='ocrx_word' id='word_1_196' title='bbox 1019 3476 1060 3530; x_wconf 68' lang='lat' dir='ltr'><strong>dt·</strong></span> 
     </span>
     <span class='ocr_line' id='line_1_31' title="bbox 232 3553 299 3583; baseline 0 0"><span class='ocrx_word' id='word_1_197' title='bbox 232 3553 237 3564; x_wconf 93' lang='lat'>&#39;</span> <span class='ocrx_word' id='word_1_198' title='bbox 284 3556 299 3583; x_wconf 68' lang='lat' dir='ltr'><strong>ll</strong></span> 
     </span>
    </p>

    <p class='ocr_par' dir='ltr' id='par_1_6' title="bbox 176 3553 989 3700">
     <span class='ocr_line' id='line_1_32' title="bbox 176 3553 989 3700; baseline 0.011 -22"><span class='ocrx_word' id='word_1_199' title='bbox 176 3553 323 3696; x_wconf 46' lang='lat' dir='ltr'><strong>”eddium</strong></span> <span class='ocrx_word' id='word_1_200' title='bbox 336 3630 430 3698; x_wconf 63' lang='lat' dir='ltr'><strong>(m)</strong></span> <span class='ocrx_word' id='word_1_201' title='bbox 443 3629 570 3685; x_wconf 84' lang='lat' dir='ltr'><strong>“iutecne</strong></span> <span class='ocrx_word' id='word_1_202' title='bbox 580 3629 648 3698; x_wconf 82' lang='lat' dir='ltr'><strong>place</strong></span> <span class='ocrx_word' id='word_1_203' title='bbox 657 3646 684 3684; x_wconf 89' lang='lat' dir='ltr'><strong>er</strong></span> <span class='ocrx_word' id='word_1_204' title='bbox 693 3629 789 3700; x_wconf 46' lang='lat' dir='ltr'><strong>body?</strong></span> <span class='ocrx_word' id='word_1_205' title='bbox 805 3638 831 3685; x_wconf 85' lang='lat' dir='ltr'><strong>te</strong></span> <span class='ocrx_word' id='word_1_206' title='bbox 840 3631 906 3685; x_wconf 87' lang='lat' dir='ltr'><strong>unite</strong></span> <span class='ocrx_word' id='word_1_207' title='bbox 915 3631 989 3688; x_wconf 76' lang='lat' dir='ltr'><strong>rbem</strong></span> 
     </span>
    </p>
   </div>
   <div class='ocr_carea' id='block_1_4' title="bbox 0 0 1240 4530">
    <p class='ocr_par' dir='ltr' id='par_1_7' title="bbox 0 0 1240 4530">
     <span class='ocr_line' id='line_1_33' title="bbox 0 0 1240 4530; baseline 0 0"><span class='ocrx_word' id='word_1_208' title='bbox 0 0 1240 4530; x_wconf 95' lang='lat' dir='ltr'><strong> </strong></span> 
     </span>
    </p>
   </div>
  </div>
 </body>
</html>
