2444 4530
427 376 680 423 wisurnsrorrrr
702 376 791 423 vrri.
1011 356 1052 419 88

165 524 241 590 Etsi
265 523 315 586 lrae
331 521 523 606 suspiciones
542 522 652 585 inanes
674 532 773 600 erent,
789 519 916 597 eedem,
932 530 1052 597 temen,

167 636 268 712 mela,
285 656 322 698 ec
338 635 364 697 si
378 655 460 697 verae
475 645 589 712 essent,
606 640 761 719 peperere.

152 778 155 783 ·
214 748 338 812 Eodem
360 750 584 832 ierstempcre,
601 747 856 832 Philadelphiem
870 746 1052 830 relinquere,

169 860 451 943 Beltimoriemque
461 859 616 938 recedere,
627 860 817 943 Congressui
828 860 929 923 setius
936 859 1051 922 visum

168 973 230 1037 His
245 974 430 1055 urgentibus
446 973 696 1051 difficultatibus,
711 960 987 1059 Weshingtonius,
1002 983 1053 1034 ts·

167 1106 253 1163 men,
284 1086 444 1150 interritus
473 1087 658 1172 permensit.
705 1086 754 1150 De
780 1087 883 1149 sslute
912 1085 1051 1171 publice,

167 1196 610 1282 heudunquamdespersvit.
634 1199 824 1262 Constantis
833 1198 1053 1275 invictd,sem·

167 1330 221 1394 per
244 1309 329 1373 idem
342 1311 473 1389 mansit,
489 1322 522 1375 et
536 1309 691 1374 exercitui
705 1309 831 1372 vultum
850 1330 999 1373 serenum
1021 1318 1056 1372 et

168 1422 377 1504 tranquillum
390 1430 543 1507 perpetuis
557 1420 722 1506 praestitit.¹
758 1420 859 1499 Nihil,
873 1422 958 1504 quod
972 1419 1057 1484 hosti

169 1534 305 1610 officere,
318 1546 377 1596 aut
387 1535 566 1598 exercitum
579 1534 723 1615 civesque
738 1532 858 1596 hortari
868 1545 901 1597 et
916 1533 1058 1596 animare

171 1655 286 1728 posset,
309 1646 349 1708 ab
371 1646 425 1709 illo
448 1645 697 1731 praetermissum.
744 1645 914 1709 Exercitlls
937 1655 1058 1708 statum

171 1777 325 1820 mancum
341 1769 437 1842 etque
451 1757 597 1835 debilem,
611 1759 766 1840 equitatu,
780 1759 945 1821 tormentis
959 1757 1058 1842 mejo-

170 1869 267 1948 ribus,
282 1881 314 1932 et
339 1871 489 1955 praefectis
515 1870 619 1954 peritis
642 1873 732 1954 reque
755 1873 946 1949 carentem,⁸
970 1871 1056 1935 Con-

169 1984 290 2066 gressui
310 2004 436 2046 summo
456 1983 560 2046 studio
577 1983 804 2047 demonstravit
819 1983 1053 2067 suggessitque.

114 2180 116 2184 Α
168 2097 296 2176 Milites,
312 2097 346 2160 in
368 2099 459 2160 breve
473 2108 598 2182 tempus
621 2098 820 2183 conscriptos,
836 2099 902 2162 iere
921 2095 1056 2161 inutiles

168 2229 235 2271 esse
249 2208 364 2273 docuit.

212 2322 319 2386 Hasce
341 2324 404 2384 res⁸
424 2322 641 2405 congressum
663 2321 776 2385 sedule
800 2331 833 2383 et
856 2322 1058 2404 summopere

168 2434 315 2497 monuit:
339 2432 406 2509 sed,
421 2455 463 2495 ne
479 2434 619 2515 aliquem
633 2431 773 2508 loederet,
788 2431 943 2514 subjecit;
961 2438 982 2468 “
992 2452 1058 2495 me·

171 2555 225 2607 tus
248 2545 402 2627 timorque
424 2565 465 2605 ne
489 2546 577 2606 ferne
603 2542 760 2628 perdetur,
783 2563 824 2606 ne
847 2543 930 2607 bone
959 2544 1059 2629 publi·

172 2667 292 2735 centur,
307 2677 349 2719 ne
370 2656 500 2719 libertas
521 2656 557 2720 in
577 2654 750 2719 discrimen
771 2654 897 2739 aliquod
920 2667 1057 2736 vocetur,

170 2791 223 2834 ms
247 2769 447 2855 inculpatum
475 2789 513 2832 ec
538 2779 723 2853 purgatum,
747 2780 852 2834 vestro
873 2769 993 2855 judicio
1017 2793 1057 2835 eo

170 2884 339 2960 sententis,
362 2882 559 2945 exhibebunt
571 2883 743 2964 :“-utque
765 2883 929 2962 nonnulle,
945 2884 1057 2948 incon·

170 2997 253 3060 sulto
280 2997 472 3078 congressu,
497 3015 593 3077 egere
616 3004 648 3057 et
672 2997 824 3059 conticere
849 2998 907 3061 sibi
935 2997 1056 3075 liceret,

203 3226 215 3261 ¹
232 3220 361 3277 (tuentem,
379 3217 531 3282 “wansngp
544 3217 699 3271 “luente’‘
730 3220 782 3269 We
797 3219 908 3270 consider
921 3219 969 3271 this
984 3217 1057 3285 perti·

172 3295 234 3359 ciple
251 3310 279 3342 es
296 3292 473 3359 egreeirrgrritlr
487 3301 572 3346 aldum
587 3295 613 3345 in
630 3296 671 3345 the
679 3296 828 3360 secundm
849 3299 900 3358 but,
914 3297 1024 3362 pemrps,
1039 3296 1059 3347 ir

173 3370 250 3436 might
258 3370 317 3423 with
332 3386 398 3425 some
413 3371 530 3439 propriety
539 3375 569 3423 be
578 3372 665 3439 placed
673 3373 699 3423 in
708 3373 750 3424 the
759 3373 870 3440 genidve,
881 3380 906 3425 tc
918 3389 989 3440 egres
999 3373 1058 3424 witlr

172 3451 294 3499 andem.
383 3478 386 3481 -

204 3533 216 3569 ⁸
230 3527 307 3575 Hasce
316 3541 360 3588 res,
372 3530 413 3590 de.
444 3528 507 3578 “He
515 3527 637 3580 rsrninded
646 3528 770 3593 Cometen
780 3527 809 3578 of
822 3529 861 3590 (rs
870 3532 906 3594 to)
915 3529 984 3579 thess
995 3534 1058 3578 met·

172 3606 244 3654 terr.”
275 3602 300 3652 A
310 3603 416 3654 medeci
426 3605 570 3671 expression,
580 3604 607 3654 irr
622 3604 739 3656 imitation
750 3604 779 3654 os
790 3605 831 3654 tlre
846 3606 950 3667 Greeks,
960 3605 1001 3655 the
1019 3618 1058 3655 so·

172 3680 980 3749 wemedtsmubeinggoveruednyepreposusimplied
