2444 4530
175 334 237 399 186
431 351 683 400 wasnruororur
706 352 794 399 vrrs.

171 517 296 582 semper
318 497 499 582 permansit
544 497 588 563 Ut
602 497 735 561 honores
756 495 802 560 illi
818 495 916 563 sibile
935 496 1054 563 civibus

172 611 269 694 gratis
283 611 481 688 haberentur,
492 631 660 694 nunquam
675 610 783 693 exegit
797 631 805 687 3
832 619 954 673 etcum
970 612 1050 677 ultrb

170 724 362 801 offerrentur,
378 726 508 788 summa
530 743 603 787 cum
623 722 824 786 humanitate
850 723 1057 808 accipiendos*

173 835 338 919 judicavit.
383 834 616 918 Washingtonii
633 855 721 898 amor
735 835 768 897 in
784 835 923 918 patriam
942 836 1052 900 arden-

170 946 320 1025 tissimus,
336 949 502 1031 omnisque
523 947 727 1032 improbitatis
748 969 860 1032 expers
881 949 955 1013 init.
1001 950 1051 1015 Ab

169 1057 246 1135 istis,
261 1060 316 1143 qui
333 1061 439 1144 patrie
455 1081 594 1125 amorem
610 1081 731 1146 semper
745 1060 779 1124 in
794 1082 855 1139 ore,
872 1082 978 1140 suam,
994 1083 1052 1125 au·

169 1183 245 1250 tem,
275 1173 532 1256 magnitudinem
567 1175 600 1237 in
630 1173 721 1238 corde
752 1184 878 1258 gerunt,
908 1175 1049 1240 multhm

168 1283 433 1368 Washingtonius
448 1285 654 1370 discrepabat.

213 1397 342 1481 Magna
358 1410 446 1462 erant
460 1399 671 1478 difficultates,
684 1399 873 1484 quibuscum
888 1400 936 1464 illi
950 1402 1049 1465 relue-

169 1511 306 1574 tandum
328 1512 410 1590 fuit3
438 1533 560 1595 magna
585 1523 617 1575 et
644 1512 777 1576 terrifica
802 1512 953 1596 pericula,
980 1535 1047 1597 qure

169 1624 257 1689 adire
272 1635 305 1689 et
318 1626 439 1690 volvere
456 1627 627 1709 cogebatur
639 1648 647 1704 ;
666 1636 699 1688 at
709 1624 910 1688 difficultates
925 1637 959 1689 et
973 1627 1050 1712 peri·

168 1738 243 1801 cula
256 1740 372 1817 omnia,
383 1739 537 1823 patientia
549 1738 691 1821 quadam
704 1737 804 1801 animi
814 1736 948 1816 invicta,
959 1760 1049 1824 supe·

168 1850 258 1913 ravit.
304 1851 493 1914 Libertatem
508 1861 541 1912 et
555 1850 654 1933 leges,
669 1850 806 1933 generis¹
821 1849 957 1913 humani
969 1851 1047 1936 jura,

167 1960 287 2023 civium
309 1961 449 2024 felicitati
464 1962 640 2023 necessaria
655 1961 758 2026 duxit.
805 1961 962 2025 Homines
983 1983 1050 2027 orn·

167 2093 225 2135 nes
235 2075 349 2136 naturb
361 2072 495 2155 aquales
505 2094 571 2136 esse
582 2094 706 2157 semper
715 2074 855 2158 putavit3
871 2083 906 2136 at
916 2074 1050 2138 civium⁸

166 2182 352 2263 libertatem,
366 2185 489 2268 legibus
504 2185 651 2270 parendo,
663 2186 781 2269 optime
796 2186 914 2249 servari
930 2186 1052 2252 incolu-

167 2318 255 2362 mem
270 2320 368 2383 posse‚
384 2301 468 2364 recte
484 2298 701 2364 arbitrabatur.

211 2411 470 2498 Rempublicam⁸
491 2414 573 2476 bene
591 2411 768 2475 ordinatam
789 2422 822 2474 et
845 2410 1050 2495 compositam

168 2524 398 2591 ademocratia
423 2526 620 2589 tumultuosa
642 2523 813 2608 plurimum
828 2522 944 2586 distare
967 2524 1049 2587 exis·

167 2637 299 2701 timavit.
346 2638 457 2721 Populi
479 2638 669 2701 sententiam
694 2647 726 2699 et
746 2635 904 2719 judicium
927 2656 1050 2720 semper

166 2748 298 2831 spectari
320 2760 352 2811 et
377 2750 486 2833 respici
511 2760 649 2834 oportere
673 2749 793 2826 sensit;
818 2758 973 2826 attamen,
989 2749 1050 2812 ira·

166 2878 236 2921 rum
252 2871 346 2923 aestus
360 2861 517 2924 subitanei
533 2883 607 2925 eum
619 2864 641 2926 b
655 2861 816 2945 proposito,
831 2870 889 2922 aut
904 2860 1049 2926 instituto

166 3051 201 3111 to)
220 3047 262 3097 her
277 3056 446 3111 countenance
456 3052 489 3115 by
499 3051 539 3099 the
553 3052 634 3115 begun
651 3049 771 3098 discourse
786 3046 824 3109 (os
835 3046 939 3111 AEneae)
951 3047 1010 3097 than
1025 3045 1049 3097 il

166 3125 209 3174 alre
218 3124 286 3174 stood
296 3143 323 3174 as
333 3142 348 3175 a
357 3126 417 3174 hard
427 3126 485 3188 flinr,
496 3143 522 3176 or
532 3143 559 3175 aa
569 3144 584 3175 a
594 3125 732 3191 Marpesian
743 3124 807 3175 rock.

197 3209 205 3243 1
225 3204 329 3264 Generis,
342 3207 391 3264 lfa,
401 3203 462 3251 “the
474 3203 549 3267 rights
559 3203 587 3253 oi
598 3203 738 3251 mankind.”

196 3287 208 3323 a
227 3281 324 3340 Otutaot,
337 3283 387 3340 «tec,
398 3282 413 3308 “
420 3280 464 3328 but
472 3279 503 3327 he
513 3279 599 3344 rightly
606 3279 704 3343 judged,
713 3278 764 3328 that
773 3278 812 3328 the
821 3276 905 3341 liberty
914 3276 989 3327 altha
998 3277 1048 3328 citi·

165 3371 224 3406 aens
241 3357 304 3418 (civil
320 3357 409 3419 liberty)
422 3354 492 3404 could
506 3357 560 3405 beat
576 3357 605 3404 be
622 3355 747 3421 preserved
764 3355 820 3416 sala,
838 3357 871 3420 by
885 3355 990 3421 obeying
1008 3356 1049 3406 tba

167 3432 249 3484 laws”

196 3521 208 3557 a
223 3513 400 3576 Rempublr'com,
413 3515 462 3574 alsa,
474 3510 525 3560 “ha
534 3510 634 3575 thought
648 3509 724 3559 theta
736 3509 849 3575 republic,
859 3509 913 3559 well
929 3509 1047 3574 arranged

166 3592 215 3641 arrd
225 3598 269 3656 put
277 3589 390 3654 together,
400 3588 496 3640 differed
506 3603 561 3655 very
571 3587 643 3638 much
652 3587 713 3638 t'rorn
723 3603 738 3636 a
749 3587 886 3652 disordarly‚
897 3586 1048 3639 umurtuooe

167 3669 328 3734 democracyl’
429 3704 434 3709 -
