2444 4530
165 362 226 428 1oe
420 373 673 429 wsssmosotttr
696 372 784 428 tros.

163 525 357 604 conabatur,
381 526 421 590 de
436 527 651 591 controversiis
666 525 805 591 Gelliam
820 522 903 588 inter
916 533 950 587 et
971 516 1039 589 civi·

163 647 246 702 tetes
260 637 429 702 foederates
443 640 488 702 sic
503 638 630 702 locutus
645 658 712 702 esse
726 641 843 701 fertur:

209 756 230 788 “
240 751 399 814 Tametsi¹
413 751 501 813 mele
515 750 617 815 multe
631 761 663 813 et
676 751 796 833 gravio,
810 770 881 833 quoe
893 772 954 815 nos
968 752 1042 815 inter

163 873 196 927 et
218 863 360 926 notiones
383 873 506 925 exteros
525 862 707 940 extiterunt,
719 862 790 946 jem
804 863 937 929 omnino
956 884 1044 948 supe·

162 984 232 1037 rete
254 984 287 1037 et
307 975 463 1058 preterito
483 975 555 1052 sint,
571 994 708 1051 summo,
732 985 851 1051 temen,
868 975 973 1038 dolore
995 994 1045 1037 me

163 1086 269 1163 efficit,
283 1106 338 1149 vos
354 1087 498 1149 certiores
512 1084 649 1149 faciendi
663 1085 928 1149 necessitudinem
943 1086 1045 1170 ingre

164 1208 232 1261 tem
254 1199 333 1263 mihi
354 1199 533 1282 impositum
553 1218 631 1274 esse,
648 1197 874 1282 rempublicam
891 1174 1045 1263 Gallicum

163 1331 264 1375 noves
285 1322 417 1388 nostres,
433 1311 467 1373 in
483 1309 576 1374 indit
589 1308 787 1387 occidentali,
804 1309 937 1393 aliisque
954 1309 1046 1395 pluri·

164 1423 226 1487 mis
247 1424 282 1486 in
295 1423 382 1500 locis,
397 1443 519 1506 cepere,
534 1432 567 1484 et
581 1420 800 1498 condemnare,
816 1442 882 1485 non
897 1425 990 1487 secde
1012 1443 1046 1487 ec

164 1535 192 1599 si
214 1535 333 1599 bellum
347 1534 429 1599 dues
451 1535 532 1597 inter
552 1544 664 1617 gentes
686 1545 834 1616 geretur5·
857 1555 976 1618 meque
998 1556 1047 1600 ve»

165 1646 330 1712 trementer
351 1648 448 1732 piget,
465 1647 553 1710 vobis
575 1645 687 1723 dicere,
703 1646 849 1729 legatum
873 1647 1046 1726 Gallicum,

165 1761 219 1844 qui
234 1782 322 1824 nunc
339 1759 423 1844 opud
437 1780 494 1823 noe
508 1771 659 1837 moretur,
672 1780 738 1836 nos,
754 1759 842 1822 haud
856 1759 902 1822 ite
918 1760 1047 1844 pridem,

165 1873 309 1939 certiores
331 1872 451 1948 secisse,
468 1871 555 1934 melo
577 1871 647 1948 iste,
664 1871 703 1934 de
726 1872 840 1954 quibus
861 1891 950 1935 nunc
974 1891 1049 1955 que·

164 1984 274 2061 rimur,
285 1984 319 2046 in
334 1985 518 2066 posterum,¹⁸
530 2003 595 2045 non
610 1983 769 2061 imminui,
783 1982 847 2063 sed,
861 1994 981 2062 contre,
993 2002 1050 2048 uu·

166 2096 241 2180 geri.
287 2096 405 2161 Pecem
418 2093 678 2178 concordiamque
692 2116 750 2159 nos
765 2096 847 2158 inter
859 2107 891 2158 et
905 2096 1050 2181 rempub-

165 2210 264 2275 licam
274 2209 435 2274 Gollicem
445 2228 523 2286 esse,
534 2210 618 2272 eme
629 2227 751 2292 semper
761 2209 823 2271 fuit
835 2207 1049 2272 elaboratum:

166 2344 281 2411 pacem
301 2322 446 2387 servandi
469 2321 617 2385 voluntas
639 2320 809 2384 imminute
832 2332 951 2398 menet,
967 2330 1052 2384 otte·

166 2459 253 2516 men,
269 2440 366 2515 eem,¹
380 2436 440 2499 nisi
462 2435 613 2498 dedecore
633 2453 769 2510 summo,
788 2453 971 2496 conservare
994 2454 1051 2496 ne-

168 2553 314 2635 quimus:
332 2571 444 2631 neque,
457 2559 577 2625 temen,
591 2546 710 2610 bellum
722 2547 810 2608 nobis
827 2546 937 2611 Gallos
952 2546 1052 2611 indic·

168 2676 265 2739 turos,
280 2683 395 2724 vereor.
442 2661 595 2737 Damna,⁴
612 2671 643 2722 et
658 2659 819 2736 dedecore,
837 2680 902 2722 non
916 2659 1049 2738 bellum,

168 2775 257 2838 nobis
273 2774 394 2849 inferre,
412 2774 595 2856 exoptent.”

199 2989 208 3023 t
227 2983 334 3042 Tonstri,
353 2984 402 3042 ἅμ,
416 2981 553 3047 “although
568 2982 609 3030 the
624 2996 698 3047 meny
708 2980 755 3030 end
772 2979 881 3044 grievous
898 2979 964 3042 evils,
975 2980 1054 3033 which

168 3057 230 3108 heve
245 3057 335 3106 existed
351 3059 460 3106 between
470 3073 500 3106 us
510 3057 559 3106 end
568 3057 658 3123 foreign
669 3056 771 3118 netions,
782 3072 823 3105 ere
839 3072 894 3106 now
904 3056 992 3122 wholly
1002 3074 1053 3108 sur·

169 3133 290 3195 mounted,
302 3133 349 3182 end
360 3133 448 3198 possed
458 3136 498 3198 by,
509 3136 527 3183 it
536 3136 695 3185 nevertheless
705 3134 788 3184 effecte
798 3150 836 3183 me
846 3134 904 3183 with
914 3134 955 3183 the
964 3141 1055 3186 uincet

169 3209 234 3277 puin,
244 3211 296 3260 thot
310 3211 351 3259 the
360 3209 503 3273 unpleesurrt
512 3210 632 3274 necessity
641 3210 669 3260 of
679 3211 835 3276 acquainting
844 3226 899 3276 you,
909 3211 929 3260 is
945 3210 1054 3277 imposed

170 3304 202 3338 on
218 3304 263 3348 me,
274 3288 325 3336 thet
340 3287 380 3335 the
389 3286 483 3335 French
498 3286 603 3350 republic
615 3301 656 3336 ere
671 3288 755 3353 taking
770 3287 819 3338 end
834 3288 997 3356 condemning
1011 3300 1055 3341 our

169 3365 260 3430 slups,”
270 3366 313 3413 &c
416 3400 418 3405 -

200 3452 213 3489 s
227 3445 354 3502 Poeterum,
367 3439 474 3503 (scilicet,
484 3443 591 3504 tempto)
603 3439 638 3490 lor
646 3440 687 3490 the
696 3440 781 3492 future.

201 3530 214 3567 t
228 3523 294 3581 Eum,
307 3518 412 3580 (scilicet,
421 3522 518 3582 potere)
530 3517 592 3579 “it’‘
603 3518 654 3568 thet
662 3518 690 3581 is,
698 3535 773 3581 pecco.

202 3611 213 3646 ι
230 3602 328 3658 noo«,
340 3595 847 3662 caeterorummetum
862 3604 888 3648 to
901 3597 974 3664 eng
987 3612 1053 3667 uro·

171 3694 202 3730 us
211 3678 287 3730 losses
296 3674 343 3727 end
354 3668 469 3741 disgrece,
480 3676 524 3725 hut
532 3681 575 3725 not
583 3680 607 3726 to
617 3673 710 3725 dsclere
722 3674 799 3740 (open)
811 3691 861 3727 wer
870 3691 902 3726 on
911 3679 964 3725 ω’
