2444 4530
175 343 237 409 104
430 359 681 407 wesarrrsrorsrr
705 360 793 406 vrrs.

216 506 270 574 Ad
284 506 361 570 alios
375 509 537 592 prefectos
552 507 768 583 Amedcanos,
783 504 839 589 qui
853 525 924 568 sese
939 506 1051 571 virtute

172 632 231 685 eut
246 621 406 699 dedecore,
422 621 520 685 hocce
535 621 628 699 bello,
643 620 883 703 insigniverent,
900 640 990 683 nunc
1010 639 1053 683 re·

170 746 341 799 vertamur.
388 734 426 797 ln
443 734 500 810 eis,
516 734 571 816 qui
592 732 736 818 pulchra,
761 731 799 795 ob
819 732 955 816 patriam
977 753 1054 817 pug-

169 846 431 922 nande,.vulnera
446 846 538 930 passi,
549 841 614 910 luit'
623 845 756 909 Carolus
766 845 840 922 Les,
852 843 922 908 dux
933 845 1055 908 Ameri-

171 979 280 1034 canus,
292 956 420 1040 Anglus
431 959 565 1042 egregiae
576 958 709 1022 virtutis.
748 957 825 1022 Dux
835 957 894 1020 iste
907 956 1054 1039 inclytus,

80 1154 82 1160 Α
170 1068 249 1132 dum
270 1069 396 1153 longius
419 1071 523 1135 esuis
544 1082 694 1148 moretur,
711 1071 866 1155 captivuS,
882 1070 923 1134 de
943 1071 1055 1154 impro-

169 1181 246 1260 viso,
257 1185 373 1262 factus,
385 1195 417 1248 et
430 1184 471 1249 ed
482 1184 662 1248 Eboracum
673 1184 800 1246 Novum
813 1180 985 1265 perductus
997 1191 1053 1247 est.

213 1295 378 1360 Exercitui
403 1297 594 1361 Americeno
624 1293 756 1356 tandem
783 1291 937 1371 redditus,
964 1303 995 1354 et
1022 1293 1055 1357 in

170 1407 308 1492 gradum
331 1407 497 1492 pristinum
523 1405 820 1488 aWashingtonio,
844 1405 883 1467 ob
906 1404 1054 1468 virtutem

169 1522 322 1585 eximiam
336 1522 509 1598 restitutus,
525 1517 630 1604 prelio
645 1518 731 1603 apud
753 1517 1054 1582 Neo-Casereenses

168 1634 263 1714 fecto,
292 1634 441 1699 dedecore
469 1643 641 1717 coopertus,
668 1642 700 1694 et
729 1630 813 1714 apud
838 1633 1054 1714 prefectorum

169 1745 430 1811 Americanerum
445 1745 614 1811 consilium
629 1743 869 1821 condemnatus,
885 1743 1054 1828 imperium

169 1876 263 1921 omne
286 1859 433 1935 militare,
448 1879 501 1941 per
524 1857 618 1921 unius
633 1857 772 1940 spatium
795 1855 883 1934 anni,
898 1855 1053 1942 deponere

169 1969 351 2050 cogebatur.
398 1967 557 2032 Dedecore
572 1969 673 2031 notari
688 1969 829 2032 malebat
843 1968 911 2033 dux
925 1970 986 2033 iste
1007 1970 1054 2033 in·

170 2080 285 2164 clytus,
299 2082 400 2164 quam
415 2101 468 2165 pro
482 2079 719 2164 Washingtonii
737 2081 836 2164 gloria
850 2093 998 2148 certare..

212 2194 376 2280 Superbia,
392 2194 488 2271 enim,
504 2194 585 2278 ejus²
608 2193 709 2278 major
727 2205 805 2272 erat,
821 2197 922 2279 quam
941 2205 979 2259 ut
1000 2217 1054 2260 su·

168 2308 322 2394 perierem
347 2307 453 2372 ullum
478 2309 555 2370 ferre
581 2318 692 2392 posset.
740 2308 897 2383 Quocirca
923 2309 1054 2393 turpiter

168 2423 291 2505 fugere,
319 2423 419 2504 quam
446 2421 565 2484 fortiter
595 2441 736 2504 pugnare
765 2420 927 2499 malebat3
959 2424 1052 2506 fuge,

168 2536 265 2614 enirn,
292 2538 362 2612 sud,
378 2534 671 2617 Washingtonium,
688 2533 739 2596 die
764 2533 834 2611 isto,
852 2534 978 2598 cladem
1001 2557 1054 2599 ac·

169 2660 335 2731 cepturum
360 2667 512 2727 magnam
529 2646 694 2709 credebat:
719 2657 751 2708 at
767 2667 842 2708 eum
864 2669 934 2732 spes
957 2648 1052 2731 longe

168 2757 298 2825 fefellit:
323 2776 436 2838 quum,
449 2758 543 2834 enim,
556 2768 679 2841 turpem
693 2759 760 2842 ejus
773 2762 886 2843 fugam
899 2782 1054 2846 conspex-

167 2980 193 3023 to
209 2972 291 3023 evinee
300 2974 340 3023 the
350 2972 499 3038 sincerityof
509 2973 546 3022 his
556 2973 604 3022 lste
613 2973 759 3035 conversios,
770 2972 904 3039 destroyed,
914 2977 991 3036 burnt,
1002 2975 1052 3026 eud

167 3048 297 3099 distressed
312 3049 344 3099 ell
358 3050 445 3114 places,
456 3049 556 3099 without
570 3051 611 3100 the
624 3050 730 3099 smellest
747 3050 846 3100 shadow
856 3051 884 3100 os
894 3051 968 3100 either
980 3067 1051 3117 expe-

167 3126 262 3191 diency,
271 3143 299 3176 or
313 3127 440 3190 necessity,
451 3133 476 3176 to
486 3127 563 3177 which
573 3127 609 3176 his
620 3126 711 3191 during,
722 3127 883 3178 adventurous
899 3128 966 3193 spirit
980 3129 1053 3181 could

167 3202 274 3270 possibly
288 3205 350 3253 have
366 3218 455 3252 sccess.
487 3203 581 3253 Amold
598 3203 726 3267 possessed
745 3220 786 3253 erse
805 3205 977 3256 characteristic
993 3207 1022 3256 ol
1036 3223 1053 3257 ι

166 3280 261 3342 soldier,
272 3281 321 3329 and
336 3282 376 3329 hat
385 3295 434 3339 erre,
444 3280 548 3343 nemely,
559 3281 666 3342 drasam
683 3278 720 3328 his
733 3283 815 3330 etteck
830 3298 861 3331 on
871 3282 982 3345 Quebsc,
993 3283 1052 3334 with

166 3360 208 3409 the
224 3358 286 3422 truly
296 3359 367 3406 breve
382 3355 592 3420 Montgomery,is
607 3355 635 3404 in
643 3355 723 3420 point:
741 3357 778 3408 his
795 3358 880 3408 former
895 3359 988 3423 gellant
1003 3376 1051 3410 ser·

166 3435 233 3487 vices
248 3435 350 3485 induced
360 3432 524 3498 Wsshington
540 3441 565 3482 te
575 3433 668 3484 confide
683 3440 708 3484 to
717 3433 767 3487 him
777 3437 817 3487 the
829 3436 927 3487 defense
937 3437 964 3487 os
976 3438 1051 3489 Wsst

165 3513 247 3567 Peint
946 3560 949 3565 .

199 3614 208 3650 r
224 3607 293 3673 Ejrrr,
304 3607 354 3668 pa,
365 3604 424 3655 “his
443 3604 536 3669 (Lee’s)
552 3601 620 3669 pride
634 3620 687 3656 wer
701 3611 741 3657 teo
754 3612 822 3672 great
836 3612 861 3658 to
875 3607 933 3658 beer
949 3621 999 3673 any
1008 3621 1049 3658 se·

168 3683 266 3750 per-'sac
