2444 4530
431 386 682 437 wssnrrrascrru
703 388 790 436 vrri.
987 368 1051 436 'lac

174 533 279 597 tonius
300 533 490 616 magistratu
513 554 645 610 summo,
660 553 755 616 quem
777 553 830 617 per
853 545 1051 612 anncs‘ccto,

174 656 211 707 ut
226 666 321 728 supra
337 644 531 721 dictumest,
548 655 703 721 tenuerat,
719 665 785 707 sese
800 643 982 707 abdicarit.¹
1036 680 1039 685 ·

216 759 505 839 supervacaneum,
514 755 732 838 inpraesentia,
743 755 830 819 nobis
841 755 974 833 videtur,
982 777 1052 819 cra·

171 868 303 931 tionem¹
316 869 455 950 longam,
471 887 566 950 quam
581 867 641 931 sub
656 867 717 930 hoc
730 879 864 951 tempus,
881 867 1051 950 Washing·

170 980 275 1042 tonius
298 979 421 1055 habuit,
437 978 489 1041 hic
512 979 662 1061 subjicere
674 1002 683 1057 ;
708 981 851 1062 primum,
868 979 955 1062 qucd
976 1001 1047 1042 eam

168 1109 277 1153 ornnes
292 1093 357 1155 iere
372 1095 504 1168 novere;
529 1091 668 1167 deinde,⁸
681 1090 766 1173 qued
781 1113 843 1155 non
859 1092 938 1154 tanti
960 1093 1049 1155 nohis

169 1201 300 1279 videtur,
317 1214 354 1265 ut
376 1204 511 1286 paginas
533 1203 648 1287 plures,
664 1224 731 1266 rem
753 1203 787 1265 in
809 1225 890 1282 eam,
907 1205 1049 1268 insama

168 1331 249 1379 mus.
296 1315 505 1392 Academicis,
521 1317 617 1393 enim,
638 1316 732 1399 juxta
748 1337 785 1378 ac
810 1317 959 1381 tironibus
981 1339 1049 1402 pro·

160 1422 258 1490 ‘desse
273 1427 430 1504 volumus,
447 1428 614 1509 simulque,
628 1427 859 1510 Washingtonii
875 1431 960 1491 iacta
974 1451 1050 1513 prse-

168 1538 265 1615 elara,
282 1540 321 1600 ob
343 1560 450 1602 eorum
465 1540 583 1616 oculos,
599 1540 701 1603 Latio¹
716 1540 844 1618 donata,
864 1561 962 1622 quam
984 1542 1052 1603 bre·

169 1650 300 1713 tissime
323 1671 496 1734 proponere.
543 1651 642 1714 Paulo
656 1663 733 1735 post,
750 1673 872 1736 praeses,
888 1653 1052 1716 civitatum

168 1758 395 1823 foedcratarum
410 1760 673 1826 Americanarum
690 1764 856 1827 consilium
877 1765 1050 1848 publicum,

167 1871 341 1950 ultimrim,⁵
358 1874 537 1938 allocutus!
583 1877 806 1959 congressum,
820 1876 859 1939 de
873 1890 1049 1961 temporum

165 1984 338 2062 lauscitam,
353 2006 393 2047 ex
408 1987 522 2064 animo,
537 1987 762 2069 gratulabatur.
811 1987 916 2072 Opera
932 1988 1047 2067 multa,

168 2095 310 2185 civitates
323 2098 489 2162 foederates
504 2099 678 2166 muniendo
694 2101 884 2177 necessaria,
901 2112 1049 2164 constan-

168 2216 217 2278 ter,
229 2208 350 2271 civibus
362 2211 514 2295 persuasit
526 2233 534 2288 ;
551 2191 699 2294 agrdrum
712 2212 814 2275 cultui
828 2207 953 2274 amicus
965 2234 1050 2275 sem·

168 2339 221 2404 per
235 2321 318 2397 fuit;
343 2322 554 2386 Academiam
569 2323 739 2384 militarem
758 2323 934 2398 instituere,
950 2324 1048 2390 enixe

200 2540 352 2600 thecuam,
369 2543 418 2601 dfe,
435 2539 566 2604 “resigned
581 2541 621 2590 the
637 2555 750 2604 supreme
765 2537 917 2605 magisnccy,
933 2540 1010 2592 which
1025 2542 1054 2594 he

168 2614 219 2664 herl
228 2615 283 2664 held
293 2614 328 2664 for
336 2614 399 2680 eight
407 2631 484 2680 years,
495 2632 523 2664 es
533 2616 578 2665 has
587 2618 648 2666 been
658 2616 710 2665 said
723 2618 820 2666 above.”

200 2710 213 2749 2
231 2707 365 2768 Orationem,
376 2711 425 2768 dc,
436 2709 481 2757 “tc
492 2707 592 2773 suhjoin,
599 2708 661 2769 here,
669 2708 708 2761 the
715 2708 773 2773 long
782 2708 868 2774 speech
875 2704 953 2760 which
959 2711 1050 2763 Wesh-

169 2781 252 2847 ingtcn
269 2782 385 2832 delivered
395 2785 468 2833 about
480 2784 528 2833 this
537 2784 616 2834 time.”
648 2784 710 2834 This
720 2784 811 2835 alludes
821 2793 845 2836 tc
860 2784 897 2836 his
907 2788 1050 2856 valedictcry

171 2859 269 2908 eddress
279 2867 303 2910 tc
313 2861 352 2911 the
363 2860 461 2910 citizens
471 2861 500 2910 of
510 2861 549 2911 the
560 2860 647 2911 United
657 2863 745 2912 States.

199 2958 211 2993 ⁸
227 2952 323 3012 heau,
336 2956 385 3013 da,
396 2950 539 3016 “secondly,
549 2953 652 3002 because
666 2952 685 3002 it
700 2953 757 3002 does
766 2961 809 3004 not
824 2970 888 3004 seem
898 2954 928 3004 cs
937 2971 965 3006 so
977 2957 1050 3007 much

169 3024 315 3092 importance
331 3035 356 3077 tc
365 3044 402 3090 us,
412 3027 464 3077 thet
473 3043 511 3077 we
520 3027 609 3103 should
615 3029 691 3096 spend
701 3031 791 3081 several
800 3047 874 3096 peges
884 3048 915 3081 cn
926 3032 977 3082 thet
992 3035 1049 3083 sub·

176 3102 242 3154 ἐπ”

171 3119 183 3169 J
200 3204 211 3239 ⁴
221 3196 289 3244 Latio
296 3198 384 3257 ducatu
395 3195 542 3260 “presented
553 3197 610 3248 with
619 3195 716 3248 Latium
722 3202 746 3262 ;”
756 3197 848 3249 clothed
856 3198 955 3262 wither
963 3199 1048 3250 turned

169 3270 227 3333 into,
237 3272 319 3323 Latin.

200 3370 212 3405 a
231 3362 347 3422 maenum,
359 3366 407 3424 da,
420 3363 524 3427 (scilicet,
535 3371 641 3430 emm)
654 3369 669 3396 ⁴⁸
676 3366 712 3416 scr
720 3367 761 3416 the
769 3367 818 3416 last
826 3367 883 3416 time
890 3371 913 3430 ;”
929 3383 960 3415 en
970 3366 1048 3440 adjec-

170 3436 218 3486 tive
233 3437 292 3485 used
309 3441 455 3503 &cultatim
471 3457 502 3492 en
514 3458 663 3506 occurrence,
677 3460 789 3495 common
805 3443 831 3493 in
846 3445 887 3494 the
902 3443 982 3492 Greek
998 3440 1047 3491 end

169 3512 245 3564 Latin
255 3514 358 3566 classice.

201 3612 213 3647 Ι
227 3606 352 3671 ellicum
364 3610 413 3671 te,
423 3608 571 3661 “cddressed
580 3611 621 3662 dre
629 3612 709 3678 public
720 3611 864 3677 assembly,”
873 3609 925 3670 viu,
933 3606 973 3657 the
982 3605 1047 3655 Con·

169 3697 246 3747 W
469 3714 472 3721 r
