2444 4530
169 369 230 435 14⁸
422 387 673 435 vrsnrrrororur
696 388 784 434 rrrr.

165 533 326 598 inferendo
339 532 501 612 deterrere,
516 533 684 617 simulque,
700 532 795 596 armis
815 529 980 615 depositis,
994 545 1045 618 pro

166 643 262 710 libero
275 668 336 710 usu
350 646 487 710 fluminis
508 646 773 731 Mississippiensis
786 664 860 708 curn
876 645 1045 730 Hispania

166 777 238 821 rum
262 779 336 840 rege
360 759 483 840 pacisci,
498 757 741 841 Washingtonio
755 757 896 840 contigit.
944 758 1046 836 Quod,

166 869 226 931 etsi
247 868 465 932 difficillimum
485 881 561 948 erat,
577 869 618 934 nd
632 870 767 948 exitum,
783 880 905 947 tamen,
924 869 1046 934 felicem

167 978 313 1064 perduxit
332 980 605 1063 Woshingtonius.
650 983 737 1046 Ante
759 981 1048 1046 Kentuclriensium

132 1165 141 1179 ο
166 1091 347 1176 petitionem
363 1090 483 1177 prasidi
500 1092 752 1176 Congressuique
767 1093 917 1170 oblatam,
933 1093 1048 1157 Wesh·

166 1202 341 1285 ingtonius,
367 1203 498 1288 (quippe
523 1203 577 1285 qui
600 1204 776 1268 incolarum
803 1204 1048 1268 occidentalium

168 1316 384 1399 aegrimoniam
401 1315 695 1398 solicitudinemque
713 1317 806 1399 probe
827 1314 1046 1400 cognoverat)

169 1430 275 1494 virum
300 1429 456 1512 inclytum
480 1428 639 1492 Thomam
653 1428 871 1494 Jeffersonium
893 1429 1004 1513 jussit,
1013 1439 1049 1492 ut

169 1541 365 1626 Reipublicae
377 1539 620 1606 Kentuckiensis
635 1541 874 1623 gubernatorem
886 1540 1048 1604 certiorem

168 1656 312 1733 faceret!
337 1656 418 1717 sese¹
441 1653 526 1716 omni
551 1653 672 1716 ratione
696 1650 833 1716 laborare
858 1663 891 1715 et
909 1652 980 1731 niti,
1003 1663 1047 1730 ut,

169 1766 432 1841 Kentuclrienses,
448 1765 515 1827 sine
530 1746 675 1827 molestia
689 1775 747 1827 aut
761 1763 988 1848 impedimento
1002 1764 1048 1828 ulss
1123 1756 1126 1762 ’

168 1875 210 1953 lo,
226 1897 264 1938 eo
285 1877 414 1938 flumine
438 1852 609 1939 uterentur.
656 1875 708 1940 Ad
725 1876 796 1952 hoc,
812 1877 898 1940 Galli
923 1878 946 1942 a
969 1877 1049 1940 bello

170 1987 348 2050 civitatibus
359 1987 510 2070 Hispanis
524 1986 684 2050 inferendo
697 1987 871 2052 deterrendi
885 1990 909 2054 a
921 1989 1048 2074 preside

170 2111 270 2165 erant.

213 2214 483 2298 Washingtonius,
502 2213 636 2292 interim,
652 2213 812 2278 Thomom
827 2213 1049 2297 Pinckneyum

171 2329 214 2393 ad
230 2329 458 2413 Hispaniarum
472 2348 581 2410 regem
595 2326 722 2409 legavit.
766 2327 819 2404 Et,
835 2326 950 2391 Christi
966 2346 1051 2390 anno

172 2442 338 2505 millesimo
353 2440 633 2526 septingentesimo
644 2438 848 2520 nonogesimo
861 2439 980 2521 quinto,
994 2440 1051 2502 fo·

172 2554 233 2618 dus
246 2576 319 2618 curn
333 2554 560 2637 Hispaniarum
574 2574 646 2635 rego
660 2552 758 2615 ictum
769 2551 840 2627 fuit,
852 2572 914 2632 quo
924 2550 1048 2629 foedere,

172 2665 279 2728 omnia
299 2685 369 2745 quae
391 2662 430 2726 de
453 2666 568 2727 finibus
586 2663 786 2744 fluminisque
809 2662 1050 2748 Mississippien·

172 2775 214 2837 sis
230 2796 290 2836 usu
304 2776 454 2858 petebant
469 2776 658 2852 Americani,
674 2774 824 2838 facillime
841 2775 882 2837 ab
898 2775 1051 2860 Hispanis

173 2884 436 2978 concedebantur.

218 2998 287 3074 His,
318 2998 425 3080 igitur,
453 3000 543 3063 rebus
572 3001 676 3077 fiebat,
703 3010 739 3061 ut
767 2999 1053 3064 Kentuckiensium

174 3108 368 3190 aliorumque
392 3111 595 3191 querimoniis
617 3111 866 3193 aegrimoniisqua
889 3111 1053 3195 impositus

174 3219 215 3283 sit
226 3219 307 3283 finis.
354 3219 467 3282 Otium
479 3232 511 3282 et
523 3221 733 3303 tranquillitas
748 3223 780 3285 in
793 3223 973 3287 civitatibus
986 3245 1052 3288 om-

205 3449 214 3484 Ι
234 3443 356 3491 Certiorem
366 3441 461 3505 fuceret,
473 3443 523 3505 da,
540 3441 612 3491 “thet
624 3441 654 3490 ha
664 3442 743 3493 would
752 3443 845 3507 inform,
855 3462 882 3496 or
890 3444 1005 3511 eequeint
1013 3444 1053 3495 the

207 3521 310 3567 vemor.”

175 3534 219 3700 ’ἔοι
235 3611 364 3750 aaz&
367 3612 382 3640 ‘¹
388 3610 440 3664 thet
447 3610 479 3663 ha
489 3610 674 3678 (Wasiiogton)
685 3627 737 3663 was
746 3612 855 3680 laboring
865 3613 915 3666 and
924 3613 1054 3666 endeevor·

176 3701 227 3754 ¹1¹8·
