2444 4530
169 276 234 343 lob
424 295 677 342 wssmrrerorur
701 295 789 342 vrrs.

210 440 254 506 Ut
287 439 509 526 supplemento
538 443 671 517 onnus,¹
701 438 880 521 omniaque,
911 459 986 522 quae
1015 438 1060 504 ed

167 554 346 617 exereitum
363 553 513 617 olendum
528 552 832 634 sustentandumque
850 561 926 636 epte
941 554 1059 631 forent,

167 685 267 749 quem
286 666 422 751 primum
443 666 564 744 fierent,
580 674 838 750 pateremurque,
853 683 1060 750 summopere

167 777 311 842 institit:²
334 788 435 855 tonte,
450 787 571 857 eutem,
587 777 756 842 hominum
771 777 895 842 animos
916 787 1060 841 mentes·

167 910 230 972 que
249 891 413 953 invaserat
428 891 606 968 securitoe‚⁸
621 900 667 967 ut,
679 889 808 953 monitis
823 901 891 952 tom
905 889 1058 953 saluteri-

167 1001 227 1064 bus
242 1000 365 1085 spretis,
377 1001 432 1065 vix
447 1001 581 1066 tandem
595 1002 715 1087 impelli
729 1002 828 1085 quivit
845 1001 1057 1085 congressus,

167 1118 231 1196 qub
254 1112 486 1198 imperatorem*
503 1114 620 1177 milites
637 1115 753 1177 iterum
775 1114 969 1178 conscribere
988 1114 1059 1199 J'us-=

167 1224 251 1289 serit.
297 1225 437 1304 Pornto‚⁸
461 1247 532 1308 que
559 1225 601 1289 ed
621 1225 744 1324 bellum
765 1245 850 1288 enno
876 1225 1057 1309 insequenti

170 1336 636 1420 gerendumneeessoriefuere,
644 1335 821 1400 tardissime
830 1335 1055 1420 procedebont;

169 1454 214 1512 et‘
230 1470 304 1513 cum
319 1449 493 1514 exercitum
509 1448 543 1512 in
558 1448 653 1512 ennis
667 1469 746 1526 esse,
761 1447 946 1530 bellumque
958 1447 1057 1517 hosti-

168 1561 230 1629 bus
252 1563 366 1631 inferre
387 1561 532 1650 oportuit,
551 1560 633 1626 nihil
656 1559 745 1624 eliud
759 1580 859 1643 quem
877 1570 990 1644 pereto
1003 1558 1058 1624 ‹le-

170 1686 320 1758 creteque
342 1674 508 1750 nonnulle,
528 1673 571 1738 ed
593 1673 710 1737 milites
733 1671 920 1750 scribendos,
934 1674 1059 1737 tectum

171 1796 220 1848 est
276 1785 446 1850 Aerarium
469 1804 593 1867 quoque
617 1785 658 1847 ed
680 1804 845 1848 summum
867 1783 982 1868 inopie
1005 1784 1059 1849 de-

169 1895 326 1960 ductum:
357 1918 426 1979 quoe
449 1917 498 1958 res
521 1897 675 1980 imprimis
698 1916 835 1980 magnes
856 1896 891 1960 in
914 1903 1059 1961 exercitu

171 2007 374 2072 difficultates
390 2007 564 2071 conoitbsse
580 2006 716 2071 videtur.

218 2119 304 2196 Quin
327 2119 402 2198 imo,
417 2118 557 2203 legiones
580 2120 673 2185 Nove
694 2121 845 2186 Caesoreb
866 2122 1060 2207 conscriptae,

171 2233 410 2318 Weshingtonii
434 2225 564 2319 imperio
587 2255 653 2297 non
676 2233 854 2312 audientes,
876 2254 978 2317 quum
1001 2235 1061 2298 iter

171 2350 288 2427 fecere,
300 2369 431 2432 seseque
447 2367 523 2412 oum
539 2345 641 2411 altere
656 2348 811 2412 exercitlls
827 2358 916 2433 perte
930 2345 1060 2430 conjun-

174 2484 248 2547 gere
266 2463 471 2548 jubebontur,
487 2482 610 2548 prorsus
633 2461 824 2526 abnuebant.
871 2461 944 2536 Quo
966 2462 1059 2539 fecto,

174 2575 341 2653 Mexwell,
357 2576 424 2639 dux
440 2575 660 2653 Amoueamus,
674 2574 781 2637 litores
797 2573 838 2637 od
853 2572 1061 2657 Weshingto-

174 2674 264 2751 nium
277 2686 448 2749 mittendas
463 2689 598 2765 curavit,
614 2689 647 2750 in
662 2687 790 2771 quibus⁷
805 2706 881 2749 eum
896 2684 1061 2751 certiorem

205 2922 215 2958 ¹
233 2914 396 2977 Supplenestc
403 2933 487 2980 mono,
499 2921 517 2947 “
523 2919 620 2968 reomits
630 2918 665 2968 lbr
674 2920 713 2969 the
723 2922 804 2984 yeor.”

205 2999 218 3036 t
234 2993 379 3055 summopere
389 2995 481 3056 institit,
493 2999 508 3023 “
515 2995 547 3044 he
556 2997 707 3061 vehemently
716 2996 839 3046 insistere

206 3077 218 3112 e
235 3069 357 3131 Securitas,
369 3069 566 3133 “indifference,”
576 3074 743 3135 carelessness,
754 3073 850 3138 epethy.

206 3155 217 3189 ⁴
233 3146 401 3207 imperatorem
412 3151 462 3209 qs„
479 3151 525 3197 “to
534 3147 610 3198 direct
623 3150 662 3198 the
677 3149 946 3212 commender-incunt
958 3149 1063 3214 (wesh-

174 3221 279 3287 ingtorn)
292 3220 364 3286 egein
373 3228 399 3271 to
408 3224 480 3272 enlist
489 3223 611 3274 soldiers.”

206 3308 218 3342 s
234 3300 328 3359 Poroto,
337 3301 387 3360 qe,
399 3299 459 3348 “the
470 3300 633 3364 properatione
642 3301 719 3351 which
726 3318 790 3352 were
797 3303 900 3370 mnlrirrg
906 3303 941 3355 ior
949 3303 1063 3356 conduct·

175 3374 333 3441 ingressor,
343 3375 383 3424 the
393 3374 516 3439 following
524 3382 605 3440 yeor,“
615 3377 704 3439 thetis,
714 3380 781 3428 1780.

206 3460 219 3501 t
233 3451 273 3513 Et,
286 3454 336 3513 tto,
347 3454 363 3480 ‘⁴
370 3452 426 3515 αηὰ,
437 3453 509 3504 when
521 3452 561 3504 the
571 3470 638 3519 ermy
648 3454 724 3519 ought
732 3462 757 3505 to
766 3455 828 3507 heve
837 3459 899 3508 been
908 3458 934 3510 in
944 3459 985 3510 the
998 3457 1063 3523 field,

178 3529 227 3582 eud
236 3528 261 3578 in
271 3529 415 3579 econdition
425 3537 450 3579 to
461 3537 500 3580 eet
509 3546 541 3581 on
550 3530 591 3581 the
601 3531 735 3583 offensive.”

208 3609 266 3663 «ιη
281 3609 370 3676 quon,
383 3606 828 3676 (nunowtnwununrn
859 3612 927 3667 nn
941 3598 1096 3669 tesau'
