2444 4530
179 348 241 415 tae
433 371 684 419 wmainaroiur
708 374 797 422 vira.

341 937 474 999 CAPUT
498 939 686 1001 DECIMUM
709 940 888 1002 SEXTUM.

173 1130 299 1186 Humanae
310 1134 422 1200 idoneos,
435 1134 479 1205 qai
489 1134 633 1204 reipublice
643 1136 731 1190 munia
743 1137 841 1202 oleant,
851 1138 949 1209 delegit
963 1139 1054 1194 Woel-

207 1216 545 1286 ingloniaa.—Lineolniue‚
560 1218 685 1288 Gmffinus
703 1229 729 1273 et
747 1220 923 1292 Humplreye,'
934 1225 981 1294 qai
998 1243 1054 1278 eam

207 1301 283 1355 Indis
295 1311 410 1372 agerent,
425 1300 443 1356 d
458 1303 654 1372 Waslingtonio
673 1303 748 1356 misai
766 1306 979 1361 runt-Foedus
998 1327 1054 1362 cam

207 1386 283 1440 Indis
294 1387 373 1440 ictum
385 1387 544 1440 eat-Alios
556 1387 637 1440 Indos
648 1385 712 1440 Daa
730 1387 827 1458 Wayne
842 1394 1054 1460 ruperat-Pas·

207 1469 248 1523 tis
260 1488 318 1524 cum
333 1471 405 1525 indis
416 1488 514 1541 qaoque
524 1469 602 1541 sacta
614 1472 824 1526 est-Dominus
836 1474 898 1543 Jay,
911 1476 957 1545 qai
966 1495 1053 1546 pacem

207 1572 265 1608 aum
279 1555 464 1625 Hispaniarum
481 1572 543 1625 rege
560 1556 715 1619 nomiliam,
728 1556 851 1610 dimissas
868 1560 996 1613 eet-Re
1014 1561 1053 1614 in·

207 1638 285 1706 secta,
298 1641 399 1693 domam
410 1639 683 1708 redit-Disceptatio
695 1640 772 1709 longa
784 1640 852 1693 inter
862 1641 979 1711 legatum
991 1645 1052 1696 His-

205 1725 353 1794 paniensem
373 1724 562 1791 Prasidemque
580 1723 888 1777 meritonam-Multi
907 1726 938 1778 de
957 1727 1053 1781 civibus

206 1808 368 1859 Americanis
379 1807 446 1859 malo
458 1806 486 1858 in
499 1806 642 1859 Praeidem
653 1807 738 1860 animo
749 1816 819 1873 sunt,
831 1817 857 1861 et
873 1810 908 1862 ad
920 1809 1052 1880 Hispanae

205 1906 262 1942 sese
274 1889 420 1958 defecturos
432 1890 573 1942 minantur.

214 2055 386 2130 Quauruu
402 2053 531 2116 utilitati
544 2054 704 2117 communi
721 2058 867 2141 profuerit
879 2058 1052 2144 Wasliing·

169 2167 285 2245 tonius,
310 2176 525 2250 quantamque
549 2166 743 2245 Amerinam,
767 2189 808 2231 ex
833 2169 957 2248 humili,
982 2172 1052 2236 reli·

169 2282 281 2365 querit,
296 2282 330 2345 in
345 2280 453 2365 primis
474 2280 542 2363 ejus
565 2290 621 2358 est,
638 2280 691 2364 qui
713 2279 755 2342 ad
779 2281 899 2365 “patris
923 2284 1051 2366 patriae’'

168 2395 269 2460 vitam
295 2393 492 2459 scribendam
520 2392 705 2475 accingitur.
766 2392 883 2456 Muniis
908 2394 1050 2458 civilibus

168 2511 315 2574 omnibus
327 2511 349 2573 a
363 2509 542 2590 congressu
558 2506 744 2583 constitutis,
754 2505 897 2568 homines
912 2507 1049 2587 idoneos,

167 2624 221 2706 qui
237 2624 347 2686 munia
364 2642 402 2682 ea
416 2623 438 2684 a
455 2621 636 2703 Congressu
651 2618 825 2703 praescripta
840 2617 971 2682 fideliter
986 2622 1050 2685 obi·

168 2745 248 2810 rent,
271 2732 435 2813 designare
458 2731 595 2814 praesidis
617 2732 686 2794 fuit.
734 2731 889 2794 Homines
911 2731 1049 2813 idoneos,

167 2845 222 2928 qui
245 2843 469 2927 rempublicam
484 2846 568 2907 recte
582 2844 766 2926 integreque
782 2842 1048 2925 administrarent,

167 2958 307 3040 seligere,
324 2956 479 3038 simulque
502 2977 554 3019 eos
578 2967 730 3040 potestate
757 2956 882 3035 donare,
898 2957 1049 3043 imprimis

167 3071 302 3134 arduum
325 3080 392 3132 erat
404 3091 412 3147 ;
437 3068 522 3145 Ιιοο,ι
544 3079 663 3145 autem,
689 3069 723 3131 in
746 3067 868 3131 delectu
892 3070 1048 3150 iaciendo,

167 3186 207 3248 ab
222 3184 278 3261 ira,
294 3182 373 3258 odio,
391 3181 541 3256 amicitia,
557 3191 589 3242 et
604 3181 776 3244 inimicitiis
792 3183 915 3266 penitus
926 3204 1049 3248 vacuus

166 3299 228 3362 fuit
243 3293 477 3375 Washingtonii
495 3292 630 3354 animus.

212 3409 273 3473 His
301 3418 347 3471 tot
372 3404 528 3485 tantisque
554 3402 789 3466 difficultatibus
816 3405 1049 3472 circumventus

198 3595 208 3632 ι
224 3588 282 3647 Hoc,
294 3587 342 3647 aa,
353 3584 418 3631 “but
431 3580 455 3629 in
473 3578 572 3644 making
587 3577 634 3627 this
650 3577 762 3628 salection
772 3579 799 3629 of
809 3581 909 3642 officere,
919 3581 960 3633 the
969 3584 1050 3635 brun

168 3665 198 3718 ot
207 3662 371 3728 Waahington
381 3674 433 3709 was
442 3657 491 3708 frea
501 3656 560 3707 irom
569 3659 666 3723 enger,”
676 3657 719 3706 &a
