2444 4530
168 362 212 429 94
425 377 677 427 renumeraret
700 377 789 425 vrri.

167 524 335 604 cutodita,
351 534 485 610 caperet
532 525 658 603 Hoetee,
675 523 785 587 multis
799 519 985 586 vulneribus
1000 542 1054 589 ac·

167 639 267 724 captis
289 650 322 702 et
344 638 450 715 illatis,
465 636 671 722 pluribusque
691 635 849 698 laboribus
870 644 904 696 et
918 633 1054 699 difficnl.

168 752 287 815 tatibus
299 752 426 814 summa
438 748 563 826 virtute,
574 758 606 810 et
617 747 771 831 patientia
783 746 874 824 mira,
886 747 1053 831 superatio,

168 864 233 927 voti
255 872 413 946 compotes
435 859 564 923 tandem
587 860 683 924 facti:
707 858 821 937 multa,
845 869 966 936 tamen,
983 858 1053 923 vul·

167 995 246 1038 nera
259 985 399 1058 accepta,
413 972 491 1036 dum
505 994 574 1036 eeee
589 972 632 1036 ad
646 993 745 1036 naves
759 971 962 1056 recipiebant.

211 1087 281 1151 Etsi
305 1107 361 1148 ver
382 1085 450 1170 jem
475 1087 539 1150 sere
565 1096 718 1149 exactum
742 1087 856 1162 fuerat,
882 1084 1053 1164 exercitur,

169 1209 290 1277 tamen,
318 1197 518 1262 Britannicus
546 1197 580 1260 in
609 1196 711 1261 aciem
737 1197 855 1273 venire,
882 1196 1053 1281 beataeque

168 1311 272 1398 praelio
286 1311 452 1388 lacessere,
469 1320 621 1395 apparatu
637 1309 789 1372 castrensi
804 1308 981 1387 deficiente,
997 1329 1054 1373 na·

168 1425 279 1508 quivit
326 1424 442 1487 Hoecce
466 1422 607 1486 hostiurn
629 1442 727 1499 mora,
743 1420 785 1484 ad
807 1421 923 1484 bellica
936 1420 1053 1486 inctru-

168 1548 288 1615 menta,
297 1548 543 1622 apparatumque
555 1554 682 1598 omnem
693 1532 928 1618 expediendum
938 1554 1053 1619 paren·

169 1650 322 1734 dumque,
330 1648 573 1730 Washingtonio
583 1657 719 1730 tempus,
728 1646 900 1729 otiumque,
909 1646 1050 1730 prebuit.

168 1761 238 1825 Etsi
260 1762 389 1845 imperio
412 1771 501 1823 extre
523 1759 679 1822 ordinem¹
699 1779 720 1821 a
735 1758 903 1822 civitatum
918 1758 1053 1824 foedera·

167 1884 274 1936 terum
287 1873 549 1936 Americanarum
564 1872 753 1954 congressu,
768 1891 845 1934 voce
861 1874 930 1935 une
939 1871 1054 1936 bonee-

167 1994 253 2047 tetus
265 1985 378 2060 fuerat,
386 1982 569 2059 continere,¹
580 1993 698 2060 tamen,
706 2005 770 2062 eos,
778 1983 832 2067 qui
844 1984 976 2047 nomina
982 1982 1052 2068 jani

167 2093 344 2171 dederant,⁸
359 2093 476 2177 quique
489 2093 647 2179 stipendia
666 2095 734 2179 jem
749 2098 830 2181 pene
843 2098 1051 2175 meruerant‘

167 2206 388 2271 difficillimum
403 2209 491 2270 factu
506 2207 628 2291 reperit.
700 2264 703 2269 Α

211 2321 264 2399 Ut,
281 2331 401 2399 tamen,
417 2320 537 2385 diutius
563 2319 650 2405 apud
671 2321 849 2384 exercitum
873 2331 1051 2401 manerent,

169 2435 262 2521 pauci
284 2436 307 2500 a
328 2436 479 2518 praefectis
502 2434 567 2498 suis
589 2433 750 2516 aegerrime
765 2432 909 2511 indueti;
933 2432 1050 2517 pluras,

168 2561 288 2626 tamen,
304 2569 365 2631 prae
390 2549 480 2612 ducis
494 2550 625 2625 amore,⁸
649 2547 683 2610 in
698 2546 793 2609 armis
809 2567 887 2622 ecee,
903 2545 1052 2630 patriam·

168 2682 230 2743 que
241 2659 322 2722 tueri
332 2671 363 2720 et
370 2659 537 2724 defendere
549 2659 635 2723 haud
642 2659 863 2742 gravabantur.
880 2657 1051 2741 Magnum,

168 2782 262 2848 certe,
280 2769 365 2854 apud
380 2772 556 2855 popularee⁸
572 2770 807 2853 Weehingtonii
828 2790 944 2833 nemen
968 2770 1052 2834 mul·

169 2885 237 2947 turn
250 2902 330 2965 saepc
344 2881 422 2945 alies
438 2883 568 2966 profuit:
593 2904 689 2961 nunc,
701 2894 818 2960 autem,
829 2883 904 2965 quin
919 2882 1050 2947 domum

198 3063 208 3097 1
223 3057 300 3105 Extra
309 3057 416 3117 ordinent,
429 3055 626 3120 “extraordinary
635 3061 738 3121 power,”
748 3073 775 3107 cr
783 3055 919 3107 command.

198 3141 210 3176 2
228 3133 355 3194 centiam,
366 3139 390 3181 tn
399 3133 461 3196 keep
471 3148 497 3181 or
505 3131 561 3181 bold
572 3133 684 3197 together.

198 3217 210 3252 a
224 3210 384 3273 Neminejcm
393 3211 507 3269 deducat,
517 3210 532 3235 “
539 3207 592 3256 who
601 3208 649 3256 had
659 3209 759 3258 enlicted
769 3226 796 3259 aa
807 3208 926 3260 soluens·

199 3296 209 3330 c
228 3288 326 3348 Quique,
339 3289 388 3348 bc,
400 3283 469 3333 “and
478 3283 533 3333 who
542 3282 589 3332 had
600 3300 656 3333 now
665 3284 752 3334 elmeet
761 3286 893 3352 completed
903 3287 942 3336 the
951 3293 1013 3338 term
1022 3287 1052 3339 cs

168 3362 229 3413 their
237 3362 386 3412 enlistments
395 3365 418 3410 :³²
434 3376 475 3410 see
485 3361 550 3410 what
558 3359 603 3408 hee
613 3362 674 3410 been
684 3360 736 3411 aeid
746 3378 778 3412 on
787 3364 827 3412 the
836 3380 902 3414 noun
912 3365 1051 3429 aepactae

167 3442 193 3491 in
203 3438 331 3506 preceding
340 3445 414 3488 notae.

198 3526 210 3561 a
226 3519 282 3567 Proe
292 3518 357 3565 decis
364 3533 445 3578 amne,
456 3518 519 3565 “out
528 3513 613 3565 oflcve
622 3514 657 3566 scr
666 3513 725 3564 their
735 3516 856 3581 generab”

199 3604 210 3638 r
225 3595 356 3660 Poppaea,
366 3597 415 3657 ase,
425 3593 463 3643 hie
478 3600 545 3659 great
554 3592 693 3659 reputation
703 3600 730 3643 at
744 3593 813 3657 least,
823 3592 927 3646 withhie
936 3602 1047 3664 ceunby·

168 3688 232 3724 nien.
