2444 4530
166 366 230 433 180
420 380 670 431 warnrnororrrr
691 368 780 427 erra.

164 550 263 596 naves
274 529 387 613 longas
401 528 550 614 plurimas
560 547 692 603 armare,
701 524 882 606 bellumque
896 521 1045 606 gentihus

166 643 321 710 Ameriae
348 642 461 705 amieis
486 639 633 716 indicere,
648 638 825 720 militesque
840 636 1047 700 Americenos

163 755 207 819 ad
222 754 254 819 id
268 754 387 817 bellum
402 753 602 830 conscribere,
614 749 703 814 haud
717 749 884 814 dubitavit.
931 748 1047 827 Naves,

164 872 265 953 porro,
281 885 360 948 quas
383 865 523 949 ceperint
547 863 643 941 Galli,
658 863 691 926 in
713 861 871 946 judicium
886 860 1048 940 vocandae,

162 976 365 1055 damnande,
397 988 430 1040 et
459 975 640 1054 vendende,
672 975 805 1040 Genetio
831 975 899 1059 ipso
930 974 1048 1058 judice,

162 1098 286 1152 erant,
309 1089 456 1154 Necdum
480 1088 763 1172 isWashingtonio
787 1086 917 1172 preside
942 1086 1049 1151 adhue

164 1201 296 1284 agnitus
311 1216 368 1266 est,

208 1314 295 1378 Dum
316 1334 370 1399 per
385 1313 529 1378 civitates
548 1311 627 1376 elias
652 1312 711 1376 iter
734 1311 869 1376 iaciebat
884 1312 1049 1391 Genetius,

164 1426 281 1492 eedem
297 1427 411 1491 amoris
426 1437 520 1510 atque
536 1425 681 1489 amicitie
700 1426 832 1510 pignora
846 1441 879 1487 et
893 1423 1015 1488 indicia
1028 1425 1052 1489 a

165 1539 291 1605 civibus
301 1541 418 1623 ubique
429 1537 560 1624 accepit,
596 1537 673 1602 Res¹
686 1558 775 1601 novae
786 1536 919 1601 Gallicae
930 1547 1050 1615 autem,

164 1673 237 1736 quae
269 1653 391 1735 generis
420 1651 553 1715 humani
585 1649 828 1714 admirationem
858 1649 1051 1726 exciverunt,

166 1763 404 1846 Washingtonii
428 1762 632 1847 prudentiam
655 1763 776 1827 claram
794 1771 826 1824 et
845 1761 1052 1824 manifestam

166 1877 279 1939 fecere
318 1875 388 1937 Etsi
402 1875 568 1938 Gallorum
580 1875 710 1938 consilia
724 1881 845 1938 secreto
858 1874 1053 1958 improbabat

165 1983 444 2066 Washingtonius,
471 1985 543 2063 istd,
566 1996 684 2063 tamen,
707 2007 782 2050 cum
809 1997 914 2069 gente,
940 2004 1052 2070 pacem

164 2118 291 2162 servare
306 2097 414 2162 voluit
462 2100 646 2178 Genetium,
659 2102 779 2184 itaque,
792 2101 936 2185 legatum
953 2101 1053 2166 Galli·

165 2232 243 2276 cum
273 2209 405 2274 tandem
434 2213 589 2293 agnovit?
618 2232 803 2296 quanquam
835 2233 947 2294 graves
978 2233 1054 2277 cum

166 2323 297 2411 praeside
322 2322 515 2401 inimicitias,
537 2323 641 2387 honis⁸
659 2324 805 2387 omnibus
830 2324 958 2402 invisas,
981 2325 1052 2408 jam

165 2435 290 2500 dudum
306 2447 500 2499 exercuerat.
547 2435 781 2519 Washingtonii
802 2436 957 2499 modestia
973 2436 1052 2500 diffi-

166 2549 304 2612 cultates
330 2570 439 2611 omnes
469 2549 620 2613 facillime
649 2549 819 2632 superavit,
847 2560 879 2611 et
907 2551 1053 2632 quamvis

165 2661 349 2724 auctorites⁴
366 2660 434 2742 ejus
449 2659 563 2722 libellis
578 2661 707 2723 famosis
719 2662 947 2745 opprobriisque
959 2663 1053 2726 variis

168 2880 227 2927 war,
238 2865 286 2914 and
301 2873 326 2915 to
340 2864 434 2916 declare
448 2884 501 2917 wer
515 2867 611 2933 against
625 2868 720 2918 natione
736 2876 762 2918 at
777 2868 851 2935 amity
860 2867 918 2919 with
933 2869 1053 2934 Amorion,

166 2942 217 2991 and
227 2949 253 2991 to
263 2942 332 2992 enlist
342 2943 470 2994 American
481 2945 579 2995 soldiers
589 2945 623 2996 for
632 2947 684 2996 that
693 2951 766 2996 war.”

199 3039 208 3074 ¹
225 3033 280 3094 Res,
292 3038 341 3096 qa,
353 3035 413 3084 “the
427 3036 522 3085 French
536 3036 688 3086 revolution.”
720 3037 768 3087 Rea
782 3036 884 3099 noeais
899 3037 974 3087 taken
988 3037 1024 3088 for
1037 3054 1054 3088 a

167 3108 307 3171 revolution,
318 3126 345 3159 or
353 3111 446 3175 change
456 3111 484 3161 of
495 3120 658 3177 govemment,
669 3116 702 3179 by
712 3113 815 3164 thebert
825 3113 921 3164 writers.

199 3201 333 3262 augeas,
356 3204 404 3263 qa,
422 3202 479 3263 “he‚
501 3202 696 3266 (waringen.)
718 3211 744 3253 at
761 3205 845 3271 length
864 3203 1055 3271 solanorrledged

167 3274 258 3337 (donet,
270 3275 306 3338 (in
316 3277 407 3342 quality
417 3276 456 3341 ol)
468 3278 562 3328 Frenoh
571 3278 748 3330 ambassador.”

199 3373 212 3410 ⁸
227 3368 306 3429 Botis,
318 3370 368 3429 de,
379 3371 395 3397 ‘⁸
402 3367 492 3417 hateful
502 3375 527 3419 to
535 3369 568 3418 all
578 3370 640 3434 good
650 3375 728 3420 mem”

200 3465 212 3502 t
227 3459 364 3520 aumas,
377 3463 427 3521 bc,
442 3459 519 3522 “aad
530 3460 650 3525 although,
660 3461 697 3511 his
714 3463 921 3532 (Washington's)
934 3463 1054 3531 authority

169 3535 343 3666 :aequblriqqlqed
359 3538 392 3603 by
408 3536 475 3588 libels
491 3536 540 3588 aad
556 3538 651 3590 venons
667 3542 830 3607 reproaches.”
873 3543 1054 3608 adcurrerent
